<?xml version="1.0" encoding="UTF-8"?>
<collection><record><leader>04394cam a2200541 i 4500</leader><controlfield tag="005">20250429144947.3</controlfield><controlfield tag="008">241021t20252025enk      b    001 0 eng  </controlfield><controlfield tag="001">99131502739906421</controlfield><datafield tag="010" ind1=" " ind2=" "><subfield code="a">  2024042000</subfield></datafield><datafield tag="019" ind1=" " ind2=" "><subfield code="a">1452959547</subfield></datafield><datafield tag="020" ind1=" " ind2=" "><subfield code="a">9781032137889</subfield><subfield code="q">hardcover</subfield></datafield><datafield tag="020" ind1=" " ind2=" "><subfield code="a">1032137886</subfield><subfield code="q">hardcover</subfield></datafield><datafield tag="020" ind1=" " ind2=" "><subfield code="a">9781032137865</subfield><subfield code="q">paperback</subfield></datafield><datafield tag="020" ind1=" " ind2=" "><subfield code="a">103213786X</subfield><subfield code="q">paperback</subfield></datafield><datafield tag="020" ind1=" " ind2=" "><subfield code="z">9781003230816</subfield><subfield code="q">electronic book</subfield></datafield><datafield tag="035" ind1=" " ind2=" "><subfield code="a">(OCoLC)1452959987</subfield><subfield code="z">(OCoLC)1452959547</subfield></datafield><datafield tag="040" ind1=" " ind2=" "><subfield code="a">DLC</subfield><subfield code="b">eng</subfield><subfield code="e">rda</subfield><subfield code="c">DLC</subfield><subfield code="d">IG#</subfield><subfield code="d">OCLCO</subfield><subfield code="d">YDX</subfield></datafield><datafield tag="042" ind1=" " ind2=" "><subfield code="a">pcc</subfield></datafield><datafield tag="043" ind1=" " ind2=" "><subfield code="a">e-uk---</subfield><subfield code="a">e-uk-en</subfield></datafield><datafield tag="050" ind1="0" ind2="0"><subfield code="a">PR468.N293</subfield><subfield code="b">S64 2025</subfield></datafield><datafield tag="082" ind1="0" ind2="0"><subfield code="a">820.9/358</subfield><subfield code="2">23/eng/20241021</subfield></datafield><datafield tag="100" ind1="1" ind2=" "><subfield code="a">Spencer, Robert,</subfield><subfield code="d">1977-</subfield><subfield code="e">author.</subfield><subfield code="1">https://id.oclc.org/worldcat/entity/E39PCjrwqMCPXrW84gKwKtjFTd</subfield></datafield><datafield tag="245" ind1="1" ind2="0"><subfield code="a">British writing from empire to Brexit :</subfield><subfield code="b">writing, identity and nation /</subfield><subfield code="c">Robert Spencer, Howard J. Booth, and Anastasia Valassopoulos.</subfield></datafield><datafield tag="264" ind1=" " ind2="1"><subfield code="a">Abingdon, Oxon ;</subfield><subfield code="a">New York, NY :</subfield><subfield code="b">Routledge, Taylor &amp; Francis Group,</subfield><subfield code="c">2025.</subfield></datafield><datafield tag="264" ind1=" " ind2="4"><subfield code="c">©2025</subfield></datafield><datafield tag="300" ind1=" " ind2=" "><subfield code="a">199 pages ;</subfield><subfield code="c">25 cm</subfield></datafield><datafield tag="336" ind1=" " ind2=" "><subfield code="a">text</subfield><subfield code="b">txt</subfield><subfield code="2">rdacontent</subfield></datafield><datafield tag="337" ind1=" " ind2=" "><subfield code="a">unmediated</subfield><subfield code="b">n</subfield><subfield code="2">rdamedia</subfield></datafield><datafield tag="338" ind1=" " ind2=" "><subfield code="a">volume</subfield><subfield code="b">nc</subfield><subfield code="2">rdacarrier</subfield></datafield><datafield tag="504" ind1=" " ind2=" "><subfield code="a">Includes bibliographical references and index.</subfield></datafield><datafield tag="520" ind1=" " ind2=" "><subfield code="a">"This introduction to British literature from 1900-2021 looks at British writing from the perspective of the 2016 Brexit vote and its seismic repercussions. The book covers a wide variety of British literature in order to expose the cultural and political history of Britain, its repeated challenges and highly class-bound, patriarchal structure. British Writing from Empire to Brexit: Writing, Identity and Nation offers a stark view of what British culture has come to represent and the repercussions. Not shying away from discussions around imperialism, nationalism and racism, Robert Spencer, Howard J. Booth and Anastasia Valassopoulos offer a radical deconstruction of what Britishness can, and should, mean, promoting a convincing and accessible way to rethink the texts and field. The authors analyse novels, poetry and prose which amplify the dissentient and dissident perspectives of women, gender non-conforming and queer authors as well as the varied viewpoints and insights of working-class, immigrant, postcolonial, Black and Asian writers, showing how these works open up post-national futures after empire and after Brexit. Ultimately offering a model to rescue Britain from its current crises and anxieties, this book is an essential read for anyone approaching the study of British literature and culture, as well as those working on postcolonial studies, decolonisation, recent British history and politics, or with an interest in empire and Brexit"--</subfield><subfield code="c">Provided by publisher.</subfield></datafield><datafield tag="650" ind1=" " ind2="0"><subfield code="a">National characteristics, British, in literature.</subfield></datafield><datafield tag="610" ind1="2" ind2="0"><subfield code="a">European Union</subfield><subfield code="z">Great Britain.</subfield></datafield><datafield tag="651" ind1=" " ind2="0"><subfield code="a">Great Britain</subfield><subfield code="x">In literature.</subfield></datafield><datafield tag="650" ind1=" " ind2="0"><subfield code="a">Literature and society</subfield><subfield code="z">England</subfield><subfield code="x">History</subfield><subfield code="y">19th century.</subfield></datafield><datafield tag="650" ind1=" " ind2="0"><subfield code="a">Literature and society</subfield><subfield code="z">England</subfield><subfield code="x">History</subfield><subfield code="y">20th century.</subfield></datafield><datafield tag="650" ind1=" " ind2="0"><subfield code="a">English literature</subfield><subfield code="y">19th century</subfield><subfield code="x">History and criticism.</subfield></datafield><datafield tag="650" ind1=" " ind2="0"><subfield code="a">English literature</subfield><subfield code="y">20th century</subfield><subfield code="x">History and criticism.</subfield></datafield><datafield tag="650" ind1=" " ind2="6"><subfield code="a">Britanniques dans la littérature.</subfield><subfield code="0">(CaQQLa)000278323</subfield></datafield><datafield tag="650" ind1=" " ind2="6"><subfield code="a">Littérature et société</subfield><subfield code="0">(CaQQLa)201-0044931</subfield><subfield code="z">Angleterre</subfield><subfield code="0">(CaQQLa)201-0476579</subfield><subfield code="x">Histoire</subfield><subfield code="0">(CaQQLa)201-0378908</subfield><subfield code="y">19e siècle.</subfield><subfield code="0">(CaQQLa)201-0378908</subfield></datafield><datafield tag="650" ind1=" " ind2="6"><subfield code="a">Littérature et société</subfield><subfield code="0">(CaQQLa)201-0044931</subfield><subfield code="z">Angleterre</subfield><subfield code="0">(CaQQLa)201-0476579</subfield><subfield code="x">Histoire</subfield><subfield code="0">(CaQQLa)201-0378892</subfield><subfield code="y">20e siècle.</subfield><subfield code="0">(CaQQLa)201-0378892</subfield></datafield><datafield tag="650" ind1=" " ind2="6"><subfield code="a">Littérature anglaise</subfield><subfield code="0">(CaQQLa)201-0049945</subfield><subfield code="y">19e siècle</subfield><subfield code="0">(CaQQLa)201-0049945</subfield><subfield code="x">Histoire et critique.</subfield><subfield code="0">(CaQQLa)201-0377571</subfield></datafield><datafield tag="650" ind1=" " ind2="6"><subfield code="a">Littérature anglaise</subfield><subfield code="0">(CaQQLa)201-0021567</subfield><subfield code="y">20e siècle</subfield><subfield code="0">(CaQQLa)201-0021567</subfield><subfield code="x">Histoire et critique.</subfield><subfield code="0">(CaQQLa)201-0377571</subfield></datafield><datafield tag="700" ind1="1" ind2=" "><subfield code="a">Booth, Howard J.</subfield><subfield code="q">(Howard John),</subfield><subfield code="d">1969-</subfield><subfield code="e">author.</subfield><subfield code="1">https://id.oclc.org/worldcat/entity/E39PCjvBcC78r6yMHpBjDGG3FC</subfield></datafield><datafield tag="700" ind1="1" ind2=" "><subfield code="a">Valassopoulos, Anastasia,</subfield><subfield code="d">1973-</subfield><subfield code="e">author.</subfield><subfield code="1">https://id.oclc.org/worldcat/entity/E39PCjFFVJd3jgqtb76MFC3wyd</subfield></datafield><datafield tag="776" ind1="0" ind2="8"><subfield code="i">Online version:</subfield><subfield code="a">Spencer, Robert, 1977-</subfield><subfield code="t">British writing from empire to Brexit</subfield><subfield code="d">London ; New York : Routledge, 2025</subfield><subfield code="z">9781003230816</subfield><subfield code="w">(DLC)  2024042001</subfield></datafield><datafield tag="910" ind1=" " ind2=" "><subfield code="c">C0402mon</subfield><subfield code="d">3110-07</subfield><subfield code="g">YBP</subfield><subfield code="h">412059</subfield></datafield><datafield tag="980" ind1=" " ind2=" "><subfield code="a">21205624</subfield><subfield code="i">190.00</subfield><subfield code="j">155.80</subfield><subfield code="n">40032725421</subfield></datafield><datafield tag="982" ind1=" " ind2=" "><subfield code="c">f</subfield><subfield code="q">32101117090256</subfield></datafield><datafield tag="950" ind1=" " ind2=" "><subfield code="c">2025-05-20 04:05:35 US/Eastern</subfield><subfield code="b">2025-05-19 09:07:20 US/Eastern</subfield><subfield code="a">false</subfield></datafield><datafield tag="852" ind1="0" ind2=" "><subfield code="b">firestone</subfield><subfield code="c">stacks</subfield><subfield code="h">PR468.N293</subfield><subfield code="i">S64 2025</subfield><subfield code="8">221069006860006421</subfield></datafield><datafield tag="952" ind1=" " ind2=" "><subfield code="d">2025-05-19 13:08:46</subfield><subfield code="8">221069006860006421</subfield><subfield code="a">2025-05-19 13:08:46</subfield><subfield code="b">Firestone Library</subfield><subfield code="c">stacks: Firestone Library</subfield><subfield code="e">false</subfield></datafield><datafield tag="876" ind1=" " ind2=" "><subfield code="0">221069006860006421</subfield><subfield code="a">231069006850006421</subfield><subfield code="j">0</subfield><subfield code="x">ACQ</subfield><subfield code="z">stacks</subfield><subfield code="d">2025-05-19 09:08:47 US/Eastern</subfield><subfield code="p">32101117090256</subfield><subfield code="y">firestone</subfield></datafield></record>