<record><leader>01415cam a2200313 i 4500</leader><controlfield tag="005">20250417123718.9</controlfield><controlfield tag="008">240825s2025    stk      b    001 0 eng d</controlfield><controlfield tag="001">99131502738806421</controlfield><datafield tag="020" ind1=" " ind2=" "><subfield code="a">139952495X</subfield><subfield code="q">(hardcover)</subfield></datafield><datafield tag="020" ind1=" " ind2=" "><subfield code="a">9781399524957</subfield><subfield code="q">(hardcover)</subfield></datafield><datafield tag="035" ind1=" " ind2=" "><subfield code="a">(OCoLC)1453192090</subfield></datafield><datafield tag="040" ind1=" " ind2=" "><subfield code="a">YDX</subfield><subfield code="b">eng</subfield><subfield code="e">rda</subfield><subfield code="c">YDX</subfield><subfield code="d">YDX</subfield></datafield><datafield tag="050" ind1=" " ind2="4"><subfield code="a">PR448.C67</subfield><subfield code="b">S74 2025</subfield></datafield><datafield tag="082" ind1="0" ind2="4"><subfield code="a">820.9/005</subfield><subfield code="2">23</subfield></datafield><datafield tag="100" ind1="1" ind2=" "><subfield code="a">Steiner, Enit Karafili,</subfield><subfield code="e">author.</subfield><subfield code="1">https://id.oclc.org/worldcat/entity/E39PCjqG4qMCk4tbT9yR9yTGpP</subfield></datafield><datafield tag="245" ind1="1" ind2="0"><subfield code="a">Contesting cosmopolitan moments in the long eighteenth century /</subfield><subfield code="c">Enit Karafili Steiner.</subfield></datafield><datafield tag="264" ind1=" " ind2="1"><subfield code="a">Edinburgh :</subfield><subfield code="b">Edinburgh University Press,</subfield><subfield code="c">[2025]</subfield></datafield><datafield tag="300" ind1=" " ind2=" "><subfield code="a">vii, 231 pages ;</subfield><subfield code="c">24 cm.</subfield></datafield><datafield tag="336" ind1=" " ind2=" "><subfield code="a">text</subfield><subfield code="b">txt</subfield><subfield code="2">rdacontent</subfield></datafield><datafield tag="337" ind1=" " ind2=" "><subfield code="a">unmediated</subfield><subfield code="b">n</subfield><subfield code="2">rdamedia</subfield></datafield><datafield tag="338" ind1=" " ind2=" "><subfield code="a">volume</subfield><subfield code="b">nc</subfield><subfield code="2">rdacarrier</subfield></datafield><datafield tag="490" ind1="1" ind2=" "><subfield code="a">Edinburgh Critical Studies in Romanticism.</subfield></datafield><datafield tag="504" ind1=" " ind2=" "><subfield code="a">Includes bibliographical references and index.</subfield></datafield><datafield tag="650" ind1=" " ind2="0"><subfield code="a">British literature</subfield><subfield code="y">18th century</subfield><subfield code="x">History and criticism.</subfield></datafield><datafield tag="650" ind1=" " ind2="0"><subfield code="a">Cosmopolitanism in literature.</subfield></datafield><datafield tag="776" ind1="0" ind2="8"><subfield code="i">Electronic version:</subfield><subfield code="a">Karafili Steiner, Enit.</subfield><subfield code="t">Contesting cosmopolitan moments in the long eighteenth century.</subfield><subfield code="d">Edinburgh : Edinburgh University Press, [2025]</subfield><subfield code="z">9781399524988</subfield><subfield code="w">(OCoLC)1492938349</subfield></datafield><datafield tag="830" ind1=" " ind2="0"><subfield code="a">Edinburgh critical studies in romanticism</subfield></datafield><datafield tag="910" ind1=" " ind2=" "><subfield code="c">C0402mon</subfield><subfield code="d">3110-07</subfield><subfield code="g">YBP</subfield><subfield code="h">412059</subfield></datafield><datafield tag="980" ind1=" " ind2=" "><subfield code="a">21207885</subfield><subfield code="i">120.00</subfield><subfield code="j">98.40</subfield><subfield code="n">40032752144</subfield></datafield><datafield tag="982" ind1=" " ind2=" "><subfield code="c">f</subfield><subfield code="q">32101117091064</subfield></datafield><datafield tag="950" ind1=" " ind2=" "><subfield code="c">2025-05-20 04:06:06 US/Eastern</subfield><subfield code="b">2025-05-19 09:07:19 US/Eastern</subfield><subfield code="a">false</subfield></datafield><datafield tag="852" ind1="0" ind2=" "><subfield code="b">firestone</subfield><subfield code="c">stacks</subfield><subfield code="h">PR448.C67</subfield><subfield code="i">S74 2025</subfield><subfield code="8">221069007900006421</subfield></datafield><datafield tag="952" ind1=" " ind2=" "><subfield code="d">2025-05-19 13:07:33</subfield><subfield code="8">221069007900006421</subfield><subfield code="a">2025-05-19 13:07:33</subfield><subfield code="b">Firestone Library</subfield><subfield code="c">stacks: Firestone Library</subfield><subfield code="e">false</subfield></datafield><datafield tag="876" ind1=" " ind2=" "><subfield code="0">221069007900006421</subfield><subfield code="a">231069007890006421</subfield><subfield code="j">0</subfield><subfield code="x">ACQ</subfield><subfield code="z">stacks</subfield><subfield code="d">2025-05-19 09:07:33 US/Eastern</subfield><subfield code="p">32101117091064</subfield><subfield code="y">firestone</subfield></datafield></record>