<record><leader>04066cam a2200565 i 4500</leader><controlfield tag="005">20250508044203.0</controlfield><controlfield tag="007">t|</controlfield><controlfield tag="008">240320t20242024enka     b    001 0 eng c</controlfield><controlfield tag="001">99131475996406421</controlfield><datafield tag="010" ind1=" " ind2=" "><subfield code="a">  2024439610</subfield></datafield><datafield tag="020" ind1=" " ind2=" "><subfield code="a">9781835537206</subfield><subfield code="q">(paperback)</subfield></datafield><datafield tag="020" ind1=" " ind2=" "><subfield code="a">1835537200</subfield><subfield code="q">(paperback)</subfield></datafield><datafield tag="020" ind1=" " ind2=" "><subfield code="z">9781835537213</subfield><subfield code="q">(eISBN)</subfield></datafield><datafield tag="020" ind1=" " ind2=" "><subfield code="z">9781835537220</subfield><subfield code="q">(ePUB)</subfield></datafield><datafield tag="035" ind1=" " ind2=" "><subfield code="a">(OCoLC)on1427237763</subfield></datafield><datafield tag="040" ind1=" " ind2=" "><subfield code="a">YDX</subfield><subfield code="b">eng</subfield><subfield code="e">rda</subfield><subfield code="c">YDX</subfield><subfield code="d">OCLCO</subfield><subfield code="d">BDX</subfield><subfield code="d">CUI</subfield><subfield code="d">SHS</subfield><subfield code="d">MTG</subfield><subfield code="d">OCLCO</subfield><subfield code="d">UIU</subfield><subfield code="d">AUXAM</subfield><subfield code="d">QGK</subfield><subfield code="d">BUF</subfield><subfield code="d">MTH</subfield><subfield code="d">ORZ</subfield><subfield code="d">GUA</subfield><subfield code="d">DLC</subfield><subfield code="d">IG#</subfield></datafield><datafield tag="042" ind1=" " ind2=" "><subfield code="a">pcc</subfield></datafield><datafield tag="043" ind1=" " ind2=" "><subfield code="a">e-uk-en</subfield><subfield code="a">e-fr---</subfield></datafield><datafield tag="050" ind1=" " ind2="4"><subfield code="a">HN49.R33</subfield><subfield code="b">S77 2024</subfield></datafield><datafield tag="082" ind1="0" ind2="4"><subfield code="a">840.5 OXF</subfield></datafield><datafield tag="082" ind1="0" ind2="4"><subfield code="a">320.509/033</subfield><subfield code="2">23</subfield></datafield><datafield tag="100" ind1="1" ind2=" "><subfield code="a">Streb, Christoph,</subfield><subfield code="e">author.</subfield></datafield><datafield tag="245" ind1="1" ind2="0"><subfield code="a">Radical writers and the media revolution in the late Enlightenment /</subfield><subfield code="c">Christoph Streb.</subfield></datafield><datafield tag="264" ind1=" " ind2="1"><subfield code="a">Liverpool :</subfield><subfield code="b">Liverpool University Press,</subfield><subfield code="c">2024.</subfield></datafield><datafield tag="264" ind1=" " ind2="4"><subfield code="c">©2024</subfield></datafield><datafield tag="300" ind1=" " ind2=" "><subfield code="a">xiii, 302 pages :</subfield><subfield code="b">illustrations ;</subfield><subfield code="c">24 cm</subfield></datafield><datafield tag="336" ind1=" " ind2=" "><subfield code="a">text</subfield><subfield code="b">txt</subfield><subfield code="2">rdacontent</subfield></datafield><datafield tag="337" ind1=" " ind2=" "><subfield code="a">unmediated</subfield><subfield code="b">n</subfield><subfield code="2">rdamedia</subfield></datafield><datafield tag="338" ind1=" " ind2=" "><subfield code="a">volume</subfield><subfield code="b">nc</subfield><subfield code="2">rdacarrier</subfield></datafield><datafield tag="340" ind1=" " ind2=" "><subfield code="p">illustrations.</subfield><subfield code="0">http://id.loc.gov/vocabulary/millus/ill</subfield></datafield><datafield tag="490" ind1="1" ind2=" "><subfield code="a">Oxford University studies in the Enlightenment,</subfield><subfield code="x">2634-8047 ;</subfield><subfield code="v">2024:12</subfield></datafield><datafield tag="504" ind1=" " ind2=" "><subfield code="a">Includes bibliographical references and index.</subfield></datafield><datafield tag="505" ind1="0" ind2=" "><subfield code="a">Overture: what is the Enlightenment public? -- Personal protest -- Polemical activism -- Moral commitment -- Popular authority -- Equal expression -- Conclusion: light or fire?</subfield></datafield><datafield tag="520" ind1=" " ind2=" "><subfield code="a">"This book offers a reassessment of radical writing in the late Enlightenment by examining the construction of a provocative authorial posture. It focuses on French and British writers who confronted the authorities as self-proclaimed outsiders, presented their authentic personalities to their readers, and boasted of their own political importance. This posture, and focus of the volume, was possible against the backdrop of an eighteenth-century media revolution that gave print a new presence in many people's daily lives. To stage protests, create scandals, and encourage political mobilisation, radical writers interacted with a growing and ever-curious audience consuming a variety of printed goods. Radical writing and the media revolution in the late Enlightenment features in-depth case studies of writers such as John Horne Tooke and Olympe de Gouges, among others. It also provides a systematic analysis of typical rhetorical gestures and paratextual forms that were frequently used to create a provocative posture. Finally, this study reconstructs contemporary anxieties about popular writers that have been largely overlooked by scholarship. Indeed, many proponents of the Enlightenment worried that emotions and entertainment were taking over public debate. Rather than siding for or against radical writing and the media revolution, this book uses these critical reactions to re-emphasise the ambivalence of popular politics in the late Enlightenment."--</subfield><subfield code="c">Publisher's website.</subfield></datafield><datafield tag="650" ind1=" " ind2="0"><subfield code="a">British literature</subfield><subfield code="y">18th century</subfield><subfield code="x">History.</subfield></datafield><datafield tag="650" ind1=" " ind2="0"><subfield code="a">French literature</subfield><subfield code="y">18th century</subfield><subfield code="x">History.</subfield></datafield><datafield tag="650" ind1=" " ind2="0"><subfield code="a">Radicalism</subfield><subfield code="z">Great Britain</subfield><subfield code="y">18th century</subfield><subfield code="x">History.</subfield></datafield><datafield tag="650" ind1=" " ind2="0"><subfield code="a">Radicalism</subfield><subfield code="z">France</subfield><subfield code="y">18th century</subfield><subfield code="x">History.</subfield></datafield><datafield tag="650" ind1=" " ind2="0"><subfield code="a">Mass media</subfield><subfield code="z">Great Britain</subfield><subfield code="y">18th century</subfield><subfield code="x">History.</subfield></datafield><datafield tag="650" ind1=" " ind2="0"><subfield code="a">Mass media</subfield><subfield code="z">France</subfield><subfield code="y">18th century</subfield><subfield code="x">History.</subfield></datafield><datafield tag="650" ind1=" " ind2="6"><subfield code="a">Littérature britannique</subfield><subfield code="y">18e siècle</subfield><subfield code="x">Histoire.</subfield></datafield><datafield tag="650" ind1=" " ind2="6"><subfield code="a">Littérature française</subfield><subfield code="y">18e siècle</subfield><subfield code="x">Histoire.</subfield></datafield><datafield tag="650" ind1=" " ind2="6"><subfield code="a">Radicalisme</subfield><subfield code="z">Grande-Bretagne</subfield><subfield code="y">18e siècle</subfield><subfield code="x">Histoire.</subfield></datafield><datafield tag="650" ind1=" " ind2="6"><subfield code="a">Radicalisme</subfield><subfield code="z">France</subfield><subfield code="y">18e siècle</subfield><subfield code="x">Histoire.</subfield></datafield><datafield tag="650" ind1=" " ind2="6"><subfield code="a">Médias</subfield><subfield code="z">Grande-Bretagne</subfield><subfield code="y">18e siècle</subfield><subfield code="x">Histoire.</subfield></datafield><datafield tag="650" ind1=" " ind2="6"><subfield code="a">Médias</subfield><subfield code="z">France</subfield><subfield code="y">18e siècle</subfield><subfield code="x">Histoire.</subfield></datafield><datafield tag="758" ind1=" " ind2=" "><subfield code="1">http://id.loc.gov/resources/instances/24029103</subfield></datafield><datafield tag="830" ind1=" " ind2="0"><subfield code="a">Oxford University studies in the Enlightenment ;</subfield><subfield code="v">2024:12.</subfield></datafield><datafield tag="902" ind1=" " ind2=" "><subfield code="a">000076066</subfield><subfield code="w">copy</subfield><subfield code="1">20250430125801.0</subfield></datafield><datafield tag="914" ind1=" " ind2=" "><subfield code="a">(OCoLC)on1427237763</subfield><subfield code="b">OCoLC</subfield><subfield code="c">match</subfield><subfield code="d">20250507</subfield><subfield code="e">processed</subfield><subfield code="f">1427237763</subfield></datafield><datafield tag="950" ind1=" " ind2=" "><subfield code="c">2025-05-08 05:30:51 US/Eastern</subfield><subfield code="b">2025-04-30 12:58:01 US/Eastern</subfield><subfield code="a">false</subfield></datafield><datafield tag="852" ind1="0" ind2=" "><subfield code="b">firestone</subfield><subfield code="c">stacks</subfield><subfield code="h">HN49.R33</subfield><subfield code="i">S77 2024</subfield><subfield code="8">221065794450006421</subfield></datafield><datafield tag="952" ind1=" " ind2=" "><subfield code="d">2025-04-30 16:58:27</subfield><subfield code="8">221065794450006421</subfield><subfield code="a">2025-04-30 16:58:23</subfield><subfield code="b">Firestone Library</subfield><subfield code="c">stacks: Firestone Library</subfield><subfield code="e">false</subfield></datafield><datafield tag="876" ind1=" " ind2=" "><subfield code="0">221065794450006421</subfield><subfield code="a">231065794430006421</subfield><subfield code="j">1</subfield><subfield code="z">stacks</subfield><subfield code="d">2025-04-30 12:58:40 US/Eastern</subfield><subfield code="p">32101117415701</subfield><subfield code="y">firestone</subfield></datafield></record>