<record><leader>01357nam a2200361 i 4500</leader><controlfield tag="001">99131434608606421</controlfield><controlfield tag="005">20210826082330.0</controlfield><controlfield tag="006">m        d        </controlfield><controlfield tag="007">cr |n#---uuuuu</controlfield><controlfield tag="008">180921r2018    bccc   |o|||| 000 0 eng d</controlfield><datafield tag="016" ind1=" " ind2=" "><subfield code="a"> 976001349</subfield></datafield><datafield tag="020" ind1=" " ind2=" "><subfield code="a">0-665-80454-7</subfield></datafield><datafield tag="035" ind1=" " ind2=" "><subfield code="a">(CaOOCRKN)80454</subfield></datafield><datafield tag="035" ind1=" " ind2=" "><subfield code="a">(CKB)4920000000213310</subfield></datafield><datafield tag="035" ind1=" " ind2=" "><subfield code="a">(EXLCZ)994920000000213310</subfield></datafield><datafield tag="040" ind1=" " ind2=" "><subfield code="a">CaOOCIHM</subfield><subfield code="b">eng</subfield><subfield code="e">rda</subfield><subfield code="c">CaOOCIHM</subfield></datafield><datafield tag="043" ind1=" " ind2=" "><subfield code="a">n-cn-bc</subfield></datafield><datafield tag="082" ind1="0" ind2=" "><subfield code="a">320.9711</subfield><subfield code="2">20</subfield></datafield><datafield tag="245" ind1="0" ind2="4"><subfield code="a">The Business record of a business government.</subfield></datafield><datafield tag="264" ind1=" " ind2="1"><subfield code="a">[Victoria, B.C.] :</subfield><subfield code="b">Colonist Presses,</subfield><subfield code="c">[1909?]</subfield></datafield><datafield tag="300" ind1=" " ind2=" "><subfield code="a">1 online resource</subfield></datafield><datafield tag="336" ind1=" " ind2=" "><subfield code="a">text</subfield><subfield code="b">txt</subfield><subfield code="2">rdacontent</subfield></datafield><datafield tag="337" ind1=" " ind2=" "><subfield code="a">computer</subfield><subfield code="b">c</subfield><subfield code="2">rdamedia</subfield></datafield><datafield tag="338" ind1=" " ind2=" "><subfield code="a">online resource</subfield><subfield code="b">cr</subfield><subfield code="2">rdacarrier</subfield></datafield><datafield tag="347" ind1=" " ind2=" "><subfield code="a">data file</subfield><subfield code="2">rda</subfield></datafield><datafield tag="490" ind1="1" ind2=" "><subfield code="a">CIHM/ICMH Digital series = CIHM/ICMH collection numérisée  ;</subfield><subfield code="v">80454</subfield></datafield><datafield tag="534" ind1=" " ind2=" "><subfield code="e">15 pages : portrait ; 22 cm.</subfield></datafield><datafield tag="500" ind1=" " ind2=" "><subfield code="a">Cover title.</subfield></datafield><datafield tag="650" ind1=" " ind2="0"><subfield code="a">Campaign literature, Canadian, 1916</subfield><subfield code="x">Conservative Party of British Columbia.</subfield></datafield><datafield tag="650" ind1=" " ind2="6"><subfield code="a">Campagnes électorales</subfield><subfield code="z">Canada</subfield><subfield code="x">Documentation, 1916</subfield><subfield code="x">Conservative Party of British Columbia.</subfield></datafield><datafield tag="651" ind1=" " ind2="5"><subfield code="a">British Columbia</subfield><subfield code="x">Politics and government</subfield><subfield code="y">1903-1916.</subfield></datafield><datafield tag="651" ind1=" " ind2="6"><subfield code="a">Colombie-Britannique</subfield><subfield code="x">Politique et gouvernement</subfield><subfield code="y">1903-1916.</subfield></datafield><datafield tag="906" ind1=" " ind2=" "><subfield code="a">BOOK</subfield></datafield><datafield tag="950" ind1=" " ind2=" "><subfield code="c">2025-04-17 09:59:58 US/Eastern</subfield><subfield code="b">2020-01-11 16:13:25 US/Eastern</subfield><subfield code="a">false</subfield></datafield><datafield tag="951" ind1=" " ind2=" "><subfield code="v">2025-04-17 09:59:58 US/Eastern</subfield><subfield code="g">Canadian Research Knowledge Network</subfield><subfield code="u">System</subfield><subfield code="t">2025-04-17 09:59:58 US/Eastern</subfield><subfield code="x">https://na05.alma.exlibrisgroup.com/view/uresolver/01PRI_INST/openurl?u.ignore_date_coverage=true&amp;portfolio_pid=531051708520006421&amp;Force_direct=true</subfield><subfield code="s">System</subfield><subfield code="0">531051708520006421</subfield><subfield code="w">2025-04-17 13:59:58</subfield><subfield code="f">false</subfield><subfield code="m">611049126980006421</subfield><subfield code="n">Canadiana Online - Monographs</subfield><subfield code="b">param</subfield><subfield code="1">621049126970006421</subfield><subfield code="c">d?u.ignore_date_coverage=true&amp;rft.mms_id=99131434608606421</subfield><subfield code="a">Available</subfield><subfield code="l">614920000000000193</subfield><subfield code="e">BOOK</subfield><subfield code="8">531051708520006421</subfield></datafield></record>