<record><leader>01912nam a2200433 i 4500</leader><controlfield tag="001">99131431604706421</controlfield><controlfield tag="005">20210924103000.0</controlfield><controlfield tag="006">m        d        </controlfield><controlfield tag="007">cr |n#---uuuuu</controlfield><controlfield tag="008">180921r2018    enka    o     000 0 eng d</controlfield><datafield tag="016" ind1=" " ind2=" "><subfield code="a"> 856267503</subfield></datafield><datafield tag="020" ind1=" " ind2=" "><subfield code="a">0-665-37427-5</subfield></datafield><datafield tag="035" ind1=" " ind2=" "><subfield code="a">(CaOOCRKN)37427</subfield></datafield><datafield tag="035" ind1=" " ind2=" "><subfield code="a">(CKB)4920000000183951</subfield></datafield><datafield tag="035" ind1=" " ind2=" "><subfield code="a">(EXLCZ)994920000000183951</subfield></datafield><datafield tag="040" ind1=" " ind2=" "><subfield code="a">CaOOCIHM</subfield><subfield code="b">eng</subfield><subfield code="e">rda</subfield><subfield code="c">CaOOCIHM</subfield></datafield><datafield tag="043" ind1=" " ind2=" "><subfield code="a">r------</subfield></datafield><datafield tag="082" ind1="0" ind2=" "><subfield code="a">910.941</subfield><subfield code="2">19</subfield></datafield><datafield tag="100" ind1="1" ind2=" "><subfield code="a">Parry, William Edward,</subfield><subfield code="c">Sir,</subfield><subfield code="d">1790-1855,</subfield><subfield code="e">author</subfield></datafield><datafield tag="245" ind1="1" ind2="0"><subfield code="a">Parry's third voyage for the discovery of a north-west passage in the years 1824 and 1825 :</subfield><subfield code="b">with an account of the Esquimaux /</subfield><subfield code="c">edited from Parry's first edition of his voyage with a biographical introduction.</subfield></datafield><datafield tag="264" ind1=" " ind2="1"><subfield code="a">London;</subfield><subfield code="a">Glasgow :</subfield><subfield code="b">Blackie,</subfield><subfield code="c">1894.</subfield></datafield><datafield tag="336" ind1=" " ind2=" "><subfield code="a">text</subfield><subfield code="b">txt</subfield><subfield code="2">rdacontent</subfield></datafield><datafield tag="337" ind1=" " ind2=" "><subfield code="a">computer</subfield><subfield code="b">c</subfield><subfield code="2">rdamedia</subfield></datafield><datafield tag="338" ind1=" " ind2=" "><subfield code="a">online resource</subfield><subfield code="b">cr</subfield><subfield code="2">rdacarrier</subfield></datafield><datafield tag="347" ind1=" " ind2=" "><subfield code="a">data file</subfield><subfield code="2">rda</subfield></datafield><datafield tag="490" ind1="0" ind2=" "><subfield code="a">CIHM/ICMH Digital series = CIHM/ICMH collection numérisée </subfield><subfield code="v">37427</subfield></datafield><datafield tag="534" ind1=" " ind2=" "><subfield code="e">232, 8 pages : illustrations ; 19 cm.</subfield></datafield><datafield tag="500" ind1=" " ind2=" "><subfield code="a">Includes publisher's list.</subfield></datafield><datafield tag="500" ind1=" " ind2=" "><subfield code="a">Original issued in series: Famous books for boys and girls.</subfield></datafield><datafield tag="650" ind1=" " ind2="0"><subfield code="a">Northwest Passage</subfield><subfield code="x">Juvenile literature.</subfield></datafield><datafield tag="650" ind1=" " ind2="5"><subfield code="a">Inuit</subfield><subfield code="x">Juvenile literature.</subfield></datafield><datafield tag="650" ind1=" " ind2="6"><subfield code="a">Inuit</subfield><subfield code="x">Ouvrages pour la jeunesse.</subfield></datafield><datafield tag="650" ind1=" " ind2="6"><subfield code="a">Nord-Ouest, Passage du</subfield><subfield code="x">Ouvrages pour la jeunesse.</subfield></datafield><datafield tag="651" ind1=" " ind2="0"><subfield code="a">Arctic regions</subfield><subfield code="x">Discovery and exploration</subfield><subfield code="x">British</subfield><subfield code="x">Juvenile literature.</subfield></datafield><datafield tag="651" ind1=" " ind2="6"><subfield code="a">Régions arctiques</subfield><subfield code="x">Découverte et exploration britanniques</subfield><subfield code="x">Ouvrages pour la jeunesse.</subfield></datafield><datafield tag="600" ind1="1" ind2="0"><subfield code="a">Parry, William Edward,</subfield><subfield code="c">Sir,</subfield><subfield code="d">1790-1855</subfield><subfield code="x">Juvenile literature.</subfield></datafield><datafield tag="600" ind1="1" ind2="6"><subfield code="a">Parry, William Edward,</subfield><subfield code="c">Sir,</subfield><subfield code="d">1790-1855</subfield><subfield code="x">Ouvrages pour la jeunesse.</subfield></datafield><datafield tag="830" ind1=" " ind2="0"><subfield code="a">Famous books for boys and girls.</subfield></datafield><datafield tag="906" ind1=" " ind2=" "><subfield code="a">BOOK</subfield></datafield><datafield tag="950" ind1=" " ind2=" "><subfield code="c">2025-04-17 09:38:11 US/Eastern</subfield><subfield code="b">2020-01-11 16:13:25 US/Eastern</subfield><subfield code="a">false</subfield></datafield><datafield tag="951" ind1=" " ind2=" "><subfield code="v">2025-04-17 09:38:11 US/Eastern</subfield><subfield code="g">Canadian Research Knowledge Network</subfield><subfield code="u">System</subfield><subfield code="t">2025-04-17 09:38:11 US/Eastern</subfield><subfield code="x">https://na05.alma.exlibrisgroup.com/view/uresolver/01PRI_INST/openurl?u.ignore_date_coverage=true&amp;portfolio_pid=531050795630006421&amp;Force_direct=true</subfield><subfield code="s">System</subfield><subfield code="0">531050795630006421</subfield><subfield code="w">2025-04-17 13:38:11</subfield><subfield code="f">false</subfield><subfield code="m">611049126980006421</subfield><subfield code="n">Canadiana Online - Monographs</subfield><subfield code="b">param</subfield><subfield code="1">621049126970006421</subfield><subfield code="c">d?u.ignore_date_coverage=true&amp;rft.mms_id=99131431604706421</subfield><subfield code="a">Available</subfield><subfield code="l">614920000000000193</subfield><subfield code="e">BOOK</subfield><subfield code="8">531050795630006421</subfield></datafield></record>