<record><leader>01628nam a2200361Ii 4500</leader><controlfield tag="001">99131428471806421</controlfield><controlfield tag="005">20210826082330.0</controlfield><controlfield tag="007">cr |n </controlfield><controlfield tag="008">980428r19971920bcc    |o|||| 000 0 eng||</controlfield><datafield tag="016" ind1=" " ind2=" "><subfield code="a">986016454</subfield></datafield><datafield tag="020" ind1=" " ind2=" "><subfield code="a">0-665-83227-3</subfield></datafield><datafield tag="035" ind1=" " ind2=" "><subfield code="a">(CaOOCRKN)83227</subfield></datafield><datafield tag="035" ind1=" " ind2=" "><subfield code="a">(CKB)5470000000581847</subfield></datafield><datafield tag="035" ind1=" " ind2=" "><subfield code="a">(EXLCZ)995470000000581847</subfield></datafield><datafield tag="040" ind1=" " ind2=" "><subfield code="a">CaOOCIHM</subfield><subfield code="b">eng</subfield><subfield code="e">rda</subfield><subfield code="c">CaOOCIHM</subfield></datafield><datafield tag="043" ind1=" " ind2=" "><subfield code="a">n-cn-bc</subfield></datafield><datafield tag="082" ind1="0" ind2=" "><subfield code="a">342.7110878</subfield><subfield code="2">20</subfield></datafield><datafield tag="110" ind1="2" ind2=" "><subfield code="a">British Columbia Liberal Association.</subfield></datafield><datafield tag="245" ind1="1" ind2="0"><subfield code="a">Women of British Columbia :</subfield><subfield code="b">read the record of the Oliver government on matters in which you are vitally interested.</subfield></datafield><datafield tag="264" ind1=" " ind2="1"><subfield code="a">Vancouver :</subfield><subfield code="b">Sun Job Presses,</subfield><subfield code="c">[1920?]</subfield></datafield><datafield tag="300" ind1=" " ind2=" "><subfield code="a">1 online resource</subfield></datafield><datafield tag="336" ind1=" " ind2=" "><subfield code="a">text</subfield><subfield code="b">txt</subfield><subfield code="2">rdacontent</subfield></datafield><datafield tag="337" ind1=" " ind2=" "><subfield code="a">computer</subfield><subfield code="b">c</subfield><subfield code="2">rdamedia</subfield></datafield><datafield tag="338" ind1=" " ind2=" "><subfield code="a">online resource</subfield><subfield code="b">cr</subfield><subfield code="2">rdacarrier</subfield></datafield><datafield tag="490" ind1="0" ind2=" "><subfield code="a">CIHM/ICMH Digital series = CIHM/ICMH collection numérisée </subfield><subfield code="v">83227</subfield></datafield><datafield tag="534" ind1=" " ind2=" "><subfield code="e">16 pages ; 16 cm.</subfield></datafield><datafield tag="500" ind1=" " ind2=" "><subfield code="a">Cover title.</subfield></datafield><datafield tag="500" ind1=" " ind2=" "><subfield code="a">"Vote for Liberal candidates ... election, December 1st, 1920."--p. 16. </subfield></datafield><datafield tag="588" ind1=" " ind2=" "><subfield code="a">Description based on microform version record.</subfield></datafield><datafield tag="650" ind1=" " ind2="0"><subfield code="a">Women</subfield><subfield code="x">Legal status, laws, etc.</subfield><subfield code="z">British Columbia.</subfield></datafield><datafield tag="650" ind1=" " ind2="6"><subfield code="a">Campagnes électorales</subfield><subfield code="z">Canada</subfield><subfield code="x">Documentation, 1920</subfield><subfield code="z">British Columbia Liberal Association.</subfield></datafield><datafield tag="650" ind1=" " ind2="6"><subfield code="a">Femmes</subfield><subfield code="x">Droit</subfield><subfield code="z">Colombie-Britannique.</subfield></datafield><datafield tag="650" ind1=" " ind2="0"><subfield code="a">Campaign literature, Canadian, 1920</subfield><subfield code="z">British Columbia Liberal Association.</subfield></datafield><datafield tag="906" ind1=" " ind2=" "><subfield code="a">BOOK</subfield></datafield><datafield tag="950" ind1=" " ind2=" "><subfield code="c">2025-04-17 09:15:30 US/Eastern</subfield><subfield code="b">2021-07-03 16:25:50 US/Eastern</subfield><subfield code="a">false</subfield></datafield><datafield tag="951" ind1=" " ind2=" "><subfield code="v">2025-04-17 09:15:30 US/Eastern</subfield><subfield code="g">Canadian Research Knowledge Network</subfield><subfield code="u">System</subfield><subfield code="t">2025-04-17 09:15:30 US/Eastern</subfield><subfield code="x">https://na05.alma.exlibrisgroup.com/view/uresolver/01PRI_INST/openurl?u.ignore_date_coverage=true&amp;portfolio_pid=531049879070006421&amp;Force_direct=true</subfield><subfield code="s">System</subfield><subfield code="0">531049879070006421</subfield><subfield code="w">2025-04-17 13:15:30</subfield><subfield code="f">false</subfield><subfield code="m">611049126980006421</subfield><subfield code="n">Canadiana Online - Monographs</subfield><subfield code="b">param</subfield><subfield code="1">621049126970006421</subfield><subfield code="c">d?u.ignore_date_coverage=true&amp;rft.mms_id=99131428471806421</subfield><subfield code="a">Available</subfield><subfield code="l">614920000000000193</subfield><subfield code="e">BOOK</subfield><subfield code="8">531049879070006421</subfield></datafield></record>