<record><leader>02341nam a2200421Ii 4500</leader><controlfield tag="001">99131428307406421</controlfield><controlfield tag="005">20210826082330.0</controlfield><controlfield tag="007">cr |n </controlfield><controlfield tag="008">980618r19971913bccab  |o|||| 000 0 eng||</controlfield><datafield tag="016" ind1=" " ind2=" "><subfield code="a">986017876</subfield></datafield><datafield tag="020" ind1=" " ind2=" "><subfield code="a">0-665-83274-5</subfield></datafield><datafield tag="035" ind1=" " ind2=" "><subfield code="a">(CaOOCRKN)83274</subfield></datafield><datafield tag="035" ind1=" " ind2=" "><subfield code="a">(CKB)5470000000581858</subfield></datafield><datafield tag="035" ind1=" " ind2=" "><subfield code="a">(EXLCZ)995470000000581858</subfield></datafield><datafield tag="040" ind1=" " ind2=" "><subfield code="a">CaOOCIHM</subfield><subfield code="b">eng</subfield><subfield code="e">rda</subfield><subfield code="c">CaOOCIHM</subfield></datafield><datafield tag="043" ind1=" " ind2=" "><subfield code="a">n-cn-bc</subfield></datafield><datafield tag="082" ind1="0" ind2=" "><subfield code="a">917.11/2</subfield><subfield code="2">20</subfield></datafield><datafield tag="110" ind1="2" ind2=" "><subfield code="a">Vancouver Island Development League.</subfield></datafield><datafield tag="245" ind1="1" ind2="0"><subfield code="a">Vancouver Island, British Columbia, Canada :</subfield><subfield code="b">the farmer' s home ; berry growing, vegetable raising, fruit growing, poultry raising, dairying, mixed farming, horses, cattle, sheep and hogs, good prices and steady markets ; the best all-year round mild climate in Canada, no blizzards, no six months winter sieges, no sunstrokes, no furnace heat summers ; there are many places for settlers but only one place ; and that is - Vancouver Island, B.C., Canada.</subfield></datafield><datafield tag="264" ind1=" " ind2="1"><subfield code="a">[British Columbia? :</subfield><subfield code="b">publisher not identified,</subfield><subfield code="c">1913?]</subfield></datafield><datafield tag="300" ind1=" " ind2=" "><subfield code="a">1 online resource</subfield></datafield><datafield tag="336" ind1=" " ind2=" "><subfield code="a">text</subfield><subfield code="b">txt</subfield><subfield code="2">rdacontent</subfield></datafield><datafield tag="337" ind1=" " ind2=" "><subfield code="a">computer</subfield><subfield code="b">c</subfield><subfield code="2">rdamedia</subfield></datafield><datafield tag="338" ind1=" " ind2=" "><subfield code="a">online resource</subfield><subfield code="b">cr</subfield><subfield code="2">rdacarrier</subfield></datafield><datafield tag="490" ind1="0" ind2=" "><subfield code="a">CIHM/ICMH Digital series = CIHM/ICMH collection numérisée </subfield><subfield code="v">83274</subfield></datafield><datafield tag="534" ind1=" " ind2=" "><subfield code="e">32 pages : illustrations, map ; 24 cm.</subfield></datafield><datafield tag="500" ind1=" " ind2=" "><subfield code="a">Cover title.</subfield></datafield><datafield tag="500" ind1=" " ind2=" "><subfield code="a">"Branches of the Vancouver Island Development League are situated ..."-- Inside back cover. </subfield></datafield><datafield tag="500" ind1=" " ind2=" "><subfield code="a">Caption title (pages 1): Vancouver Island, British Columbia, Canada, the land of the hearts's desire. </subfield></datafield><datafield tag="500" ind1=" " ind2=" "><subfield code="a">Tables cover up to 1912. </subfield></datafield><datafield tag="500" ind1=" " ind2=" "><subfield code="a">Table. </subfield></datafield><datafield tag="588" ind1=" " ind2=" "><subfield code="a">Description based on microform version record.</subfield></datafield><datafield tag="650" ind1=" " ind2="6"><subfield code="a">Agriculture</subfield><subfield code="z">Colombie-Britannique</subfield><subfield code="z">Vancouver, ÃƒÂ®le de.</subfield></datafield><datafield tag="650" ind1=" " ind2="0"><subfield code="a">Agriculture</subfield><subfield code="z">British Columbia</subfield><subfield code="z">Vancouver Island.</subfield></datafield><datafield tag="650" ind1=" " ind2="0"><subfield code="a">Canadian immigration literature (English)</subfield><subfield code="y">1897-1918.</subfield></datafield><datafield tag="651" ind1=" " ind2="6"><subfield code="a">Canada</subfield><subfield code="x">Émigration et immigration</subfield><subfield code="x">Guides, manuels, etc. anglais</subfield><subfield code="y">1897- 1918.6</subfield></datafield><datafield tag="651" ind1=" " ind2="6"><subfield code="a">Vancouver, ÃƒÂ®le de (C.-B.)</subfield><subfield code="x">Descriptions et voyages.0</subfield></datafield><datafield tag="651" ind1=" " ind2="6"><subfield code="a">Vancouver Island (B.C.)</subfield><subfield code="x">Description and travel.</subfield></datafield><datafield tag="906" ind1=" " ind2=" "><subfield code="a">BOOK</subfield></datafield><datafield tag="950" ind1=" " ind2=" "><subfield code="c">2025-04-17 09:12:07 US/Eastern</subfield><subfield code="b">2021-07-03 16:25:50 US/Eastern</subfield><subfield code="a">false</subfield></datafield><datafield tag="951" ind1=" " ind2=" "><subfield code="v">2025-04-17 09:12:08 US/Eastern</subfield><subfield code="g">Canadian Research Knowledge Network</subfield><subfield code="u">System</subfield><subfield code="t">2025-04-17 09:12:08 US/Eastern</subfield><subfield code="x">https://na05.alma.exlibrisgroup.com/view/uresolver/01PRI_INST/openurl?u.ignore_date_coverage=true&amp;portfolio_pid=531049800030006421&amp;Force_direct=true</subfield><subfield code="s">System</subfield><subfield code="0">531049800030006421</subfield><subfield code="w">2025-04-17 13:12:08</subfield><subfield code="f">false</subfield><subfield code="m">611049126980006421</subfield><subfield code="n">Canadiana Online - Monographs</subfield><subfield code="b">param</subfield><subfield code="1">621049126970006421</subfield><subfield code="c">d?u.ignore_date_coverage=true&amp;rft.mms_id=99131428307406421</subfield><subfield code="a">Available</subfield><subfield code="l">614920000000000193</subfield><subfield code="e">BOOK</subfield><subfield code="8">531049800030006421</subfield></datafield></record>