<record><leader>03075nam a22004577i 4500</leader><controlfield tag="005">20250407094629.0</controlfield><controlfield tag="006">m#####o##d########</controlfield><controlfield tag="007">cr#mn######a#a</controlfield><controlfield tag="008">200224s2025||||enk     o     ||1 0|eng|d</controlfield><controlfield tag="001">99131422216006421</controlfield><datafield tag="020" ind1=" " ind2=" "><subfield code="a">9781108903981 (ebook)</subfield></datafield><datafield tag="020" ind1=" " ind2=" "><subfield code="z">9781108822527 (paperback)</subfield></datafield><datafield tag="020" ind1=" " ind2=" "><subfield code="z">9781108842693 (hardback)</subfield></datafield><datafield tag="035" ind1=" " ind2=" "><subfield code="a">(UkCbUP)CR9781108903981</subfield></datafield><datafield tag="040" ind1=" " ind2=" "><subfield code="a">UkCbUP</subfield><subfield code="b">eng</subfield><subfield code="e">rda</subfield><subfield code="e">pn</subfield><subfield code="c">UkCbUP</subfield></datafield><datafield tag="043" ind1=" " ind2=" "><subfield code="a">e-uk---</subfield><subfield code="a">e-ir---</subfield></datafield><datafield tag="050" ind1=" " ind2="4"><subfield code="a">PR778.T72</subfield><subfield code="b">D57 2025</subfield></datafield><datafield tag="082" ind1="0" ind2="4"><subfield code="a">820.9355</subfield><subfield code="2">23</subfield></datafield><datafield tag="099" ind1=" " ind2=" "><subfield code="a">Electronic Resource</subfield></datafield><datafield tag="245" ind1="0" ind2="0"><subfield code="a">Discovering Britain and Ireland in the Romantic period :</subfield><subfield code="b">grand tours /</subfield><subfield code="c">edited by James Watt, Alison O'Byrne.</subfield></datafield><datafield tag="264" ind1=" " ind2="1"><subfield code="a">Cambridge :</subfield><subfield code="b">Cambridge University Press,</subfield><subfield code="c">.</subfield></datafield><datafield tag="300" ind1=" " ind2=" "><subfield code="a">1 online resource (xiv, 269 pages) :</subfield><subfield code="b">digital, PDF file(s).</subfield></datafield><datafield tag="336" ind1=" " ind2=" "><subfield code="a">text</subfield><subfield code="b">txt</subfield><subfield code="2">rdacontent</subfield></datafield><datafield tag="337" ind1=" " ind2=" "><subfield code="a">computer</subfield><subfield code="b">c</subfield><subfield code="2">rdamedia</subfield></datafield><datafield tag="338" ind1=" " ind2=" "><subfield code="a">online resource</subfield><subfield code="b">cr</subfield><subfield code="2">rdacarrier</subfield></datafield><datafield tag="347" ind1=" " ind2=" "><subfield code="a">data file</subfield><subfield code="2">rda</subfield></datafield><datafield tag="490" ind1="1" ind2=" "><subfield code="a">Cambridge studies in Romanticism ;</subfield><subfield code="v">151</subfield></datafield><datafield tag="500" ind1=" " ind2=" "><subfield code="a">Title from publisher's bibliographic system (viewed on 17 Mar 2025).</subfield></datafield><datafield tag="520" ind1=" " ind2=" "><subfield code="a">Even as members of the social elite participated in the European Grand Tour, travellers, writers, and readers increasingly recognized that Britain and Ireland might offer sights and experiences to rival the continent. This collection examines the practice and representation of tourism on 'home' ground during the period when modern Britain was invented and became a powerful and prosperous imperial nation. Interdisciplinary essays explore the diverse variety of tours and tourist agendas - artistic, industrial, leisure, scientific - and they address the ways in which travellers' 'discovery' of Britain and Ireland was an active and often self-critical process that potentially encompassed encounters with the alien and unfamiliar. Considering travellers from the wider world as well as from within Britain and Ireland, contributors discuss the function of comparative reference in contemporary travel-writing, as tourists often thought with and through others as they reflected on the distinctiveness and significance of the sites that they visited.</subfield></datafield><datafield tag="650" ind1=" " ind2="0"><subfield code="a">Travelers' writings, British</subfield><subfield code="y">19th century</subfield><subfield code="x">History and criticism.</subfield></datafield><datafield tag="650" ind1=" " ind2="0"><subfield code="a">Travelers' writings, English</subfield><subfield code="z">Ireland</subfield><subfield code="x">History and criticism.</subfield></datafield><datafield tag="651" ind1=" " ind2="0"><subfield code="a">Great Britain</subfield><subfield code="x">Description and travel.</subfield><subfield code="0">http://id.loc.gov/authorities/subjects/sh85056663</subfield></datafield><datafield tag="651" ind1=" " ind2="0"><subfield code="a">Ireland</subfield><subfield code="x">Description and travel.</subfield><subfield code="0">http://id.loc.gov/authorities/subjects/sh85067977</subfield></datafield><datafield tag="650" ind1=" " ind2="0"><subfield code="a">Romanticism</subfield><subfield code="x">Influence.</subfield></datafield><datafield tag="651" ind1=" " ind2="0"><subfield code="a">Great Britain</subfield><subfield code="x">In literature.</subfield><subfield code="0">http://id.loc.gov/authorities/subjects/sh2007100286</subfield></datafield><datafield tag="651" ind1=" " ind2="0"><subfield code="a">Ireland</subfield><subfield code="x">In literature.</subfield><subfield code="0">http://id.loc.gov/authorities/subjects/sh2008104923</subfield></datafield><datafield tag="700" ind1="1" ind2=" "><subfield code="a">Watt, James,</subfield><subfield code="e">editor.</subfield><subfield code="0">http://id.loc.gov/authorities/names/n98076362</subfield></datafield><datafield tag="700" ind1="1" ind2=" "><subfield code="a">O'Byrne, Alison,</subfield><subfield code="e">author.</subfield><subfield code="0">http://id.loc.gov/authorities/names/n2024037704</subfield></datafield><datafield tag="776" ind1="0" ind2="8"><subfield code="i">Print version: </subfield><subfield code="z">9781108842693</subfield></datafield><datafield tag="830" ind1=" " ind2="0"><subfield code="a">Cambridge studies in Romanticism ;</subfield><subfield code="v">151.</subfield></datafield><datafield tag="956" ind1="4" ind2="0"><subfield code="u">https://doi.org/10.1017/9781108903981</subfield></datafield><datafield tag="950" ind1=" " ind2=" "><subfield code="c">2025-04-15 05:16:39 US/Eastern</subfield><subfield code="b">2025-04-14 10:02:40 US/Eastern</subfield><subfield code="a">false</subfield></datafield><datafield tag="951" ind1=" " ind2=" "><subfield code="v">2025-04-14 10:02:45 US/Eastern</subfield><subfield code="u">System</subfield><subfield code="t">2025-04-14 10:02:45 US/Eastern</subfield><subfield code="x">https://na05.alma.exlibrisgroup.com/view/uresolver/01PRI_INST/openurl?u.ignore_date_coverage=true&amp;portfolio_pid=531048111170006421&amp;Force_direct=true</subfield><subfield code="s">System</subfield><subfield code="0">531048111170006421</subfield><subfield code="w">2025-04-14 14:02:45</subfield><subfield code="f">false</subfield><subfield code="m">611046808970006421</subfield><subfield code="n">Cambridge Frontlist 2025</subfield><subfield code="b">static</subfield><subfield code="q">POL-465809</subfield><subfield code="1">621046808960006421</subfield><subfield code="c">d?u.ignore_date_coverage=true&amp;rft.mms_id=99131422216006421</subfield><subfield code="a">Available</subfield><subfield code="e">BOOK</subfield><subfield code="8">531048111170006421</subfield></datafield></record>