<record><leader>02370cam a2200445 i 4500</leader><controlfield tag="005">20250404143047.3</controlfield><controlfield tag="008">240828s2024    mdu      b    001 0 eng  </controlfield><controlfield tag="001">99131421689106421</controlfield><datafield tag="010" ind1=" " ind2=" "><subfield code="a">  2024038828</subfield></datafield><datafield tag="020" ind1=" " ind2=" "><subfield code="a">9781666976045</subfield><subfield code="q">hardcover</subfield></datafield><datafield tag="020" ind1=" " ind2=" "><subfield code="a">1666976040</subfield><subfield code="q">hardcover</subfield></datafield><datafield tag="020" ind1=" " ind2=" "><subfield code="z">9781666976052</subfield><subfield code="q">electronic publication</subfield></datafield><datafield tag="035" ind1=" " ind2=" "><subfield code="a">(OCoLC)1453504570</subfield></datafield><datafield tag="040" ind1=" " ind2=" "><subfield code="a">DLC</subfield><subfield code="b">eng</subfield><subfield code="e">rda</subfield><subfield code="c">DLC</subfield><subfield code="d">OCLCO</subfield><subfield code="d">IG#</subfield><subfield code="d">YDX</subfield></datafield><datafield tag="042" ind1=" " ind2=" "><subfield code="a">pcc</subfield></datafield><datafield tag="043" ind1=" " ind2=" "><subfield code="a">e-uk---</subfield></datafield><datafield tag="050" ind1="0" ind2="0"><subfield code="a">PR5087.P6</subfield><subfield code="b">M33 2024</subfield></datafield><datafield tag="082" ind1="0" ind2="0"><subfield code="a">821/.8</subfield><subfield code="2">23/eng/20240828</subfield></datafield><datafield tag="100" ind1="1" ind2=" "><subfield code="a">Macdonald, Bradley J.,</subfield><subfield code="e">author.</subfield><subfield code="1">https://id.oclc.org/worldcat/entity/E39PBJyxhb994BVWHvfpdvx4bd</subfield></datafield><datafield tag="245" ind1="1" ind2="0"><subfield code="a">William Morris and the aesthetic constitution of politics /</subfield><subfield code="c">Bradley J. Macdonald.</subfield></datafield><datafield tag="250" ind1=" " ind2=" "><subfield code="a">Second edition.</subfield></datafield><datafield tag="264" ind1=" " ind2="1"><subfield code="a">Lanham :</subfield><subfield code="b">Lexington Books,</subfield><subfield code="c">[2024]</subfield></datafield><datafield tag="300" ind1=" " ind2=" "><subfield code="a">x, 219 pages ;</subfield><subfield code="c">24 cm</subfield></datafield><datafield tag="336" ind1=" " ind2=" "><subfield code="a">text</subfield><subfield code="b">txt</subfield><subfield code="2">rdacontent</subfield></datafield><datafield tag="337" ind1=" " ind2=" "><subfield code="a">unmediated</subfield><subfield code="b">n</subfield><subfield code="2">rdamedia</subfield></datafield><datafield tag="338" ind1=" " ind2=" "><subfield code="a">volume</subfield><subfield code="b">nc</subfield><subfield code="2">rdacarrier</subfield></datafield><datafield tag="504" ind1=" " ind2=" "><subfield code="a">Includes bibliographical references and index.</subfield></datafield><datafield tag="520" ind1=" " ind2=" "><subfield code="a">"William Morris's commitment to a "critical notion of beauty" led him to develop a unique and important socialist position, in which beauty, desire, pleasure, and ecological sustainability were key facets to his political vision"--</subfield><subfield code="c">Provided by publisher.</subfield></datafield><datafield tag="600" ind1="1" ind2="0"><subfield code="a">Morris, William,</subfield><subfield code="d">1834-1896</subfield><subfield code="x">Political and social views.</subfield></datafield><datafield tag="650" ind1=" " ind2="0"><subfield code="a">Aesthetics</subfield><subfield code="x">Political aspects</subfield><subfield code="z">Great Britain</subfield><subfield code="x">History</subfield><subfield code="y">19th century.</subfield></datafield><datafield tag="650" ind1=" " ind2="0"><subfield code="a">Politics and literature</subfield><subfield code="z">Great Britain</subfield><subfield code="x">History</subfield><subfield code="y">19th century.</subfield></datafield><datafield tag="650" ind1=" " ind2="0"><subfield code="a">Art</subfield><subfield code="x">Political aspects</subfield><subfield code="z">Great Britain</subfield><subfield code="x">History</subfield><subfield code="y">19th century.</subfield></datafield><datafield tag="651" ind1=" " ind2="0"><subfield code="a">Great Britain</subfield><subfield code="x">Politics and government</subfield><subfield code="y">1837-1901.</subfield></datafield><datafield tag="650" ind1=" " ind2="0"><subfield code="a">Aesthetics, British</subfield><subfield code="y">19th century.</subfield></datafield><datafield tag="650" ind1=" " ind2="6"><subfield code="a">Politique et littérature</subfield><subfield code="0">(CaQQLa)201-0029043</subfield><subfield code="z">Grande-Bretagne</subfield><subfield code="0">(CaQQLa)201-0441031</subfield><subfield code="x">Histoire</subfield><subfield code="0">(CaQQLa)201-0378908</subfield><subfield code="y">19e siècle.</subfield><subfield code="0">(CaQQLa)201-0378908</subfield></datafield><datafield tag="651" ind1=" " ind2="6"><subfield code="a">Grande-Bretagne</subfield><subfield code="x">Politique et gouvernement</subfield><subfield code="y">1837-1901.</subfield><subfield code="0">(CaQQLa)201-0076985</subfield></datafield><datafield tag="650" ind1=" " ind2="6"><subfield code="a">Esthétique britannique</subfield><subfield code="y">19e siècle.</subfield><subfield code="0">(CaQQLa)201-0132192</subfield></datafield><datafield tag="776" ind1="0" ind2="8"><subfield code="i">Online version:</subfield><subfield code="a">Macdonald, Bradley J.</subfield><subfield code="t">William Morris and the aesthetic constitution of politics</subfield><subfield code="b">Second edition.</subfield><subfield code="d">Lanham : Lexington Books, 2024</subfield><subfield code="z">9781666976052</subfield><subfield code="w">(DLC)  2024038829</subfield></datafield><datafield tag="910" ind1=" " ind2=" "><subfield code="c">C0402mon</subfield><subfield code="d">3110-07</subfield><subfield code="g">YBP</subfield><subfield code="h">376964</subfield></datafield><datafield tag="980" ind1=" " ind2=" "><subfield code="a">21490208</subfield><subfield code="f">376964</subfield><subfield code="i">110.00</subfield><subfield code="j">90.20</subfield><subfield code="n">40032706850</subfield></datafield><datafield tag="982" ind1=" " ind2=" "><subfield code="c">f</subfield><subfield code="q">32101119671517</subfield></datafield><datafield tag="950" ind1=" " ind2=" "><subfield code="c">2025-04-15 05:07:12 US/Eastern</subfield><subfield code="b">2025-04-14 09:07:02 US/Eastern</subfield><subfield code="a">false</subfield></datafield><datafield tag="852" ind1="0" ind2=" "><subfield code="b">firestone</subfield><subfield code="c">stacks</subfield><subfield code="h">PR5087.P6</subfield><subfield code="i">M33 2024</subfield><subfield code="8">221048112500006421</subfield></datafield><datafield tag="952" ind1=" " ind2=" "><subfield code="d">2025-04-14 13:09:33</subfield><subfield code="8">221048112500006421</subfield><subfield code="a">2025-04-14 13:09:33</subfield><subfield code="b">Firestone Library</subfield><subfield code="c">stacks: Firestone Library</subfield><subfield code="e">false</subfield></datafield><datafield tag="876" ind1=" " ind2=" "><subfield code="0">221048112500006421</subfield><subfield code="a">231048112490006421</subfield><subfield code="j">0</subfield><subfield code="x">TRANSIT</subfield><subfield code="z">stacks</subfield><subfield code="d">2025-04-14 09:09:33 US/Eastern</subfield><subfield code="p">32101119671517</subfield><subfield code="y">firestone</subfield></datafield></record>