<record><leader>03787nam a2200805 a 4500</leader><controlfield tag="001">99131406124806421</controlfield><controlfield tag="005">20230114023815</controlfield><controlfield tag="006">m     o  d        </controlfield><controlfield tag="007">cr cn||||||n||</controlfield><controlfield tag="008">130211t20132012bcc     o     000 0 eng d</controlfield><datafield tag="028" ind1="6" ind2="0"><subfield code="a">235876</subfield><subfield code="b">CaOOCEL</subfield><subfield code="q">(Public Documents)</subfield></datafield><datafield tag="035" ind1=" " ind2=" "><subfield code="a">(CaOOCEL)235876</subfield></datafield><datafield tag="035" ind1=" " ind2=" "><subfield code="a">(CKB)4330000000494321</subfield></datafield><datafield tag="035" ind1=" " ind2=" "><subfield code="a">(CaBNVSL)swl00402108</subfield></datafield><datafield tag="035" ind1=" " ind2=" "><subfield code="a">(OCoLC)830009373</subfield></datafield><datafield tag="035" ind1=" " ind2=" "><subfield code="a">(VaAlCD)20.500.12592/npkcj2</subfield></datafield><datafield tag="035" ind1=" " ind2=" "><subfield code="a">(EXLCZ)994330000000494321</subfield></datafield><datafield tag="037" ind1=" " ind2=" "><subfield code="a">20.500.12592/npkcj2</subfield><subfield code="b">Coherent Digital</subfield></datafield><datafield tag="040" ind1=" " ind2=" "><subfield code="a">CaBNVSL</subfield><subfield code="c">CaBNVSL</subfield><subfield code="d">VaAlCD</subfield></datafield><datafield tag="043" ind1=" " ind2=" "><subfield code="a">n-cn-bc</subfield></datafield><datafield tag="050" ind1=" " ind2="4"><subfield code="a">JL439.B75</subfield><subfield code="b">B756 2012eb</subfield></datafield><datafield tag="082" ind1="0" ind2="4"><subfield code="a">324.9711</subfield><subfield code="2">23</subfield></datafield><datafield tag="110" ind1="2" ind2=" "><subfield code="a">British Columbia Conservative Party.</subfield></datafield><datafield tag="245" ind1="0" ind2="0"><subfield code="a">Policy Document of the BC Conservative Party</subfield></datafield><datafield tag="246" ind1="1" ind2=" "><subfield code="a">British Columbia's Conservatives.</subfield><subfield code="i">At head of title:</subfield></datafield><datafield tag="260" ind1=" " ind2=" "><subfield code="a">Langley, B.C. :</subfield><subfield code="b">BC Conservative Party,</subfield><subfield code="c">2012</subfield></datafield><datafield tag="300" ind1=" " ind2=" "><subfield code="a">1 electronic text (20 p.) :</subfield><subfield code="b">digital file.</subfield></datafield><datafield tag="520" ind1="3" ind2=" "><subfield code="a">The British Columbia Conservative Party is firmly committed to the principle that government must be accountable to the taxpayers of the province. Income that is received by the government whether through taxation or other means, is held "in trust" for the citizens of the province. When we form government, we will accept that it is our responsibility to manage those funds in the most efficient and accountable manner possible.</subfield></datafield><datafield tag="505" ind1="0" ind2=" "><subfield code="a">Preamble -- 1. Guiding principles -- 2. Democratic reform and accountable government -- 3. Economic prosperity and incentives -- 4. Financial management -- 5. Health care -- 6. Education -- 7. Environment -- 8. Public safety and justice -- 9. Private property rights -- 10. Natural resources -- 11. Agriculture -- 12. Transportation -- 13. Tourism -- 14. Seniors -- 15. Aboriginal affairs -- 16. Equalization payments -- 17. Citizens' rights and responsibilities.</subfield></datafield><datafield tag="650" ind1=" " ind2="0"><subfield code="a">Campaign literature</subfield><subfield code="z">British Columbia.</subfield></datafield><datafield tag="650" ind1=" " ind2="7"><subfield code="a">Agriculture</subfield><subfield code="2">Iptcnc</subfield></datafield><datafield tag="650" ind1=" " ind2="7"><subfield code="a">Alternative energy</subfield><subfield code="2">Iptcnc</subfield></datafield><datafield tag="650" ind1=" " ind2="7"><subfield code="a">Bc hydro</subfield><subfield code="2">Iptcnc</subfield></datafield><datafield tag="650" ind1=" " ind2="7"><subfield code="a">British columbia</subfield><subfield code="2">Iptcnc</subfield></datafield><datafield tag="650" ind1=" " ind2="7"><subfield code="a">Government</subfield><subfield code="2">Iptcnc</subfield></datafield><datafield tag="650" ind1=" " ind2="7"><subfield code="a">Health care</subfield><subfield code="2">Iptcnc</subfield></datafield><datafield tag="650" ind1=" " ind2="7"><subfield code="a">Politics</subfield><subfield code="2">Iptcnc</subfield></datafield><datafield tag="650" ind1=" " ind2="7"><subfield code="a">Supply management (canada)</subfield><subfield code="2">Iptcnc</subfield></datafield><datafield tag="650" ind1=" " ind2="7"><subfield code="a">Tax</subfield><subfield code="2">Iptcnc</subfield></datafield><datafield tag="650" ind1=" " ind2="7"><subfield code="a">Economy</subfield><subfield code="2">Iptcnc</subfield></datafield><datafield tag="651" ind1=" " ind2="0"><subfield code="a">British Columbia</subfield><subfield code="x">Politics and government</subfield><subfield code="y">2001-.</subfield></datafield><datafield tag="610" ind1="2" ind2="0"><subfield code="a">British Columbia Conservative Party</subfield><subfield code="x">Platforms.</subfield></datafield><datafield tag="906" ind1=" " ind2=" "><subfield code="a">BOOK</subfield></datafield><datafield tag="950" ind1=" " ind2=" "><subfield code="c">2025-04-30 03:18:03 US/Eastern</subfield><subfield code="b">2018-03-10 11:16:05 US/Eastern</subfield><subfield code="a">false</subfield></datafield><datafield tag="951" ind1=" " ind2=" "><subfield code="v">2025-03-23 22:32:29 US/Eastern</subfield><subfield code="g">Coherent Digital</subfield><subfield code="u">System</subfield><subfield code="t">2025-03-23 22:32:29 US/Eastern</subfield><subfield code="x">https://na05.alma.exlibrisgroup.com/view/uresolver/01PRI_INST/openurl?u.ignore_date_coverage=true&amp;portfolio_pid=531045979150006421&amp;Force_direct=true</subfield><subfield code="s">electronic inventory creator</subfield><subfield code="0">531045979150006421</subfield><subfield code="w">2025-03-24 02:32:29</subfield><subfield code="f">true</subfield><subfield code="m">61899121910006421</subfield><subfield code="n">Canada Commons - Documents</subfield><subfield code="b">param</subfield><subfield code="1">62899121900006421</subfield><subfield code="c">d?u.ignore_date_coverage=true&amp;rft.mms_id=99131406124806421</subfield><subfield code="a">Available</subfield><subfield code="l">614330000000000961</subfield><subfield code="e">BOOK</subfield><subfield code="8">531045979150006421</subfield></datafield></record>