<record><leader>05555nam a2200817 a 4500</leader><controlfield tag="001">99131406121506421</controlfield><controlfield tag="005">20230114023710</controlfield><controlfield tag="006">m     o  d        </controlfield><controlfield tag="007">cr cn||||||n||</controlfield><controlfield tag="008">130211s2013    bcca    o     000 0 eng d</controlfield><datafield tag="028" ind1="6" ind2="0"><subfield code="a">235822</subfield><subfield code="b">CaOOCEL</subfield><subfield code="q">(Public Documents)</subfield></datafield><datafield tag="035" ind1=" " ind2=" "><subfield code="a">(CaOOCEL)235822</subfield></datafield><datafield tag="035" ind1=" " ind2=" "><subfield code="a">(CKB)4330000000494307</subfield></datafield><datafield tag="035" ind1=" " ind2=" "><subfield code="a">(CaBNVSL)swl00402107</subfield></datafield><datafield tag="035" ind1=" " ind2=" "><subfield code="a">(OCoLC)830009372</subfield></datafield><datafield tag="035" ind1=" " ind2=" "><subfield code="a">(VaAlCD)20.500.12592/b61dh3</subfield></datafield><datafield tag="035" ind1=" " ind2=" "><subfield code="a">(EXLCZ)994330000000494307</subfield></datafield><datafield tag="037" ind1=" " ind2=" "><subfield code="a">20.500.12592/b61dh3</subfield><subfield code="b">Coherent Digital</subfield></datafield><datafield tag="040" ind1=" " ind2=" "><subfield code="a">CaBNVSL</subfield><subfield code="c">CaBNVSL</subfield><subfield code="d">VaAlCD</subfield></datafield><datafield tag="043" ind1=" " ind2=" "><subfield code="a">n-cn-bc</subfield></datafield><datafield tag="050" ind1=" " ind2="4"><subfield code="a">JL439.A54</subfield><subfield code="b">G744 2013eb</subfield></datafield><datafield tag="082" ind1="0" ind2="4"><subfield code="a">324.9711</subfield><subfield code="2">23</subfield></datafield><datafield tag="110" ind1="2" ind2=" "><subfield code="a">Green Party of British Columbia.</subfield></datafield><datafield tag="245" ind1="1" ind2="0"><subfield code="a">Green book 2013</subfield></datafield><datafield tag="260" ind1=" " ind2=" "><subfield code="a">Victoria, B.C. :</subfield><subfield code="b">Green Party of BC,</subfield><subfield code="c">2013</subfield></datafield><datafield tag="300" ind1=" " ind2=" "><subfield code="a">1 electronic text (iv, 33 p.) :</subfield><subfield code="b">ill., digital file.</subfield></datafield><datafield tag="520" ind1="3" ind2=" "><subfield code="a">The Green Party is fiscally responsible, socially progressive, and environmentally conscious. We are committed to a competitive and green economy. Creating a green economy will create tens of thousands of new jobs. It is all about responsible, accountable and transparent government. Greens seek to avoid the shocks of boom and bust cycles. We will build a resilient economy--a prosperous economy for now and for the future. The Green Party cares about the vulnerable. We believe government should encourage hard work and independence. Government should unite people to create strong communities. We are committed to ending poverty by supporting those in need. We believe in working hard for a better future for British Columbians.</subfield></datafield><datafield tag="505" ind1="0" ind2=" "><subfield code="a">Message from the leader -- Building a strong economy -- Jobs and the new economy -- Moving to sustainable economies -- Sustainable economies -- Getting BC off gambling -- Green economic concepts -- Giving small business a boost -- Advanced technology -- Arts and culture -- Ecotourism -- Fuelling the economy with clean energy -- What does clean and green mean? -- Smart meters/smart grid -- Planning better transportation -- Caring for one another -- Improved health and vibrant communities -- Promoting healthy living -- Healthy kids -- Caring for the sick -- Mental health and social justice -- Climate change and mental health -- Reforming health care governance -- Providing for people with special needs -- Helping at risk families -- Local social trusts -- Investing in education -- Advanced education -- Colleges, universities and technical institutes -- Retraining, adult upgrading, and trades training and credentials -- Reducing poverty -- Homelessness and housing affordability -- Regulating substance use -- Protecting our resources -- Strengthen environmental laws and ensure food security -- Strengthening the Environmental Management Act -- Improving environmental assessment (EA) -- Restoring our wild fisheries -- Protecting the wild -- Moving to zero waste -- Combating climate change -- Emission targets -- Conserving energy -- Regulations and taxation -- Transportation reforms -- Adapting to change -- Sharing information -- Building code changes -- Public buildings -- Changing the way we farm -- Food safety -- Smart food -- Responsible mining -- Rethinking forestry -- Reform log markets and improve oversight -- Wisely conserve and manage our forest resources -- Reforming government -- Give citizens a voice and improve public oversight -- Building a better democracy -- Voters rights -- Executives and board members of government agencies -- Decentralizing decision making -- Restoring confidence in law enforcement -- Valuing first nations as partners.</subfield></datafield><datafield tag="650" ind1=" " ind2="0"><subfield code="a">Campaign literature</subfield><subfield code="z">British Columbia.</subfield></datafield><datafield tag="650" ind1=" " ind2="7"><subfield code="a">Agriculture</subfield><subfield code="2">Iptcnc</subfield></datafield><datafield tag="650" ind1=" " ind2="7"><subfield code="a">Air pollution</subfield><subfield code="2">Iptcnc</subfield></datafield><datafield tag="650" ind1=" " ind2="7"><subfield code="a">Disability</subfield><subfield code="2">Iptcnc</subfield></datafield><datafield tag="650" ind1=" " ind2="7"><subfield code="a">Economy</subfield><subfield code="2">Iptcnc</subfield></datafield><datafield tag="650" ind1=" " ind2="7"><subfield code="a">Education</subfield><subfield code="2">Iptcnc</subfield></datafield><datafield tag="650" ind1=" " ind2="7"><subfield code="a">Employment</subfield><subfield code="2">Iptcnc</subfield></datafield><datafield tag="650" ind1=" " ind2="7"><subfield code="a">Fishing</subfield><subfield code="2">Iptcnc</subfield></datafield><datafield tag="650" ind1=" " ind2="7"><subfield code="a">Greenhouse gas</subfield><subfield code="2">Iptcnc</subfield></datafield><datafield tag="650" ind1=" " ind2="7"><subfield code="a">Health</subfield><subfield code="2">Iptcnc</subfield></datafield><datafield tag="650" ind1=" " ind2="7"><subfield code="a">Natural gas</subfield><subfield code="2">Iptcnc</subfield></datafield><datafield tag="651" ind1=" " ind2="0"><subfield code="a">British Columbia</subfield><subfield code="x">Politics and government</subfield><subfield code="y">2001-.</subfield></datafield><datafield tag="610" ind1="2" ind2="0"><subfield code="a">Green Party of British Columbia</subfield><subfield code="x">Platforms.</subfield></datafield><datafield tag="610" ind1="1" ind2="0"><subfield code="a">British Columbia.</subfield><subfield code="b">Legislative Assembly</subfield><subfield code="x">Elections, 2013.</subfield></datafield><datafield tag="906" ind1=" " ind2=" "><subfield code="a">BOOK</subfield></datafield><datafield tag="950" ind1=" " ind2=" "><subfield code="c">2025-04-30 00:38:30 US/Eastern</subfield><subfield code="b">2018-03-10 11:16:05 US/Eastern</subfield><subfield code="a">false</subfield></datafield><datafield tag="951" ind1=" " ind2=" "><subfield code="v">2025-03-23 22:32:38 US/Eastern</subfield><subfield code="g">Coherent Digital</subfield><subfield code="u">System</subfield><subfield code="t">2025-03-23 22:32:38 US/Eastern</subfield><subfield code="x">https://na05.alma.exlibrisgroup.com/view/uresolver/01PRI_INST/openurl?u.ignore_date_coverage=true&amp;portfolio_pid=531045978140006421&amp;Force_direct=true</subfield><subfield code="s">electronic inventory creator</subfield><subfield code="0">531045978140006421</subfield><subfield code="w">2025-03-24 02:32:38</subfield><subfield code="f">true</subfield><subfield code="m">61899121910006421</subfield><subfield code="n">Canada Commons - Documents</subfield><subfield code="b">param</subfield><subfield code="1">62899121900006421</subfield><subfield code="c">d?u.ignore_date_coverage=true&amp;rft.mms_id=99131406121506421</subfield><subfield code="a">Available</subfield><subfield code="l">614330000000000961</subfield><subfield code="e">BOOK</subfield><subfield code="8">531045978140006421</subfield></datafield></record>