<record><leader>02745nam a2200469 a 4500</leader><controlfield tag="001">99131405382306421</controlfield><controlfield tag="005">20230114024108</controlfield><controlfield tag="006">m     o  d        </controlfield><controlfield tag="007">cr cn||||||n||</controlfield><controlfield tag="008">130502s2013    bcca    o     000 0 eng d</controlfield><datafield tag="028" ind1="6" ind2="0"><subfield code="a">237183</subfield><subfield code="b">CaOOCEL</subfield><subfield code="q">(Public Documents)</subfield></datafield><datafield tag="035" ind1=" " ind2=" "><subfield code="a">(CaOOCEL)237183</subfield></datafield><datafield tag="035" ind1=" " ind2=" "><subfield code="a">(CKB)4330000000494630</subfield></datafield><datafield tag="035" ind1=" " ind2=" "><subfield code="a">(CaBNVSL)swl00402385</subfield></datafield><datafield tag="035" ind1=" " ind2=" "><subfield code="a">(OCoLC)848003414</subfield></datafield><datafield tag="035" ind1=" " ind2=" "><subfield code="a">(VaAlCD)20.500.12592/0sbpfm</subfield></datafield><datafield tag="035" ind1=" " ind2=" "><subfield code="a">(EXLCZ)994330000000494630</subfield></datafield><datafield tag="037" ind1=" " ind2=" "><subfield code="a">20.500.12592/0sbpfm</subfield><subfield code="b">Coherent Digital</subfield></datafield><datafield tag="040" ind1=" " ind2=" "><subfield code="a">CaBNVSL</subfield><subfield code="c">CaBNVSL</subfield><subfield code="d">VaAlCD</subfield></datafield><datafield tag="043" ind1=" " ind2=" "><subfield code="a">n-cn-bc</subfield></datafield><datafield tag="050" ind1=" " ind2="4"><subfield code="a">JL439.B76</subfield><subfield code="b">B757 2013eb</subfield></datafield><datafield tag="082" ind1="0" ind2="4"><subfield code="a">324.9711</subfield><subfield code="2">23</subfield></datafield><datafield tag="110" ind1="2" ind2=" "><subfield code="a">British Columbia Liberal Party.</subfield></datafield><datafield tag="245" ind1="1" ind2="0"><subfield code="a">Strong Economy, Secure Tomorrow: 2013 Platform</subfield></datafield><datafield tag="260" ind1=" " ind2=" "><subfield code="a">Victoria, B.C. :</subfield><subfield code="b">BC Liberal Party,</subfield><subfield code="c">2013</subfield></datafield><datafield tag="300" ind1=" " ind2=" "><subfield code="a">1 electronic text (84 p.) :</subfield><subfield code="b">ill., digital file.</subfield></datafield><datafield tag="520" ind1="3" ind2=" "><subfield code="a">Today British Columbia stands tall as a safe harbour in a world marked with economic turmoil. But soon, we will all have to make a choice. Does British Columbia keep moving forward, or do we risk sliding back to our darker past? That's the question that matters on May 14, 2013. Choosing Today's BC Liberals means choosing a balanced budget, a growing economy, small government, and low taxes. Returning to the NDP means a return to bigger government, consistently reckless spending, more debt, and higher taxes.</subfield></datafield><datafield tag="505" ind1="0" ind2=" "><subfield code="a">A message from Premier Christy Clark -- Strong economy -- BC jobs plan protecting our future -- Modernizing education and skills training -- Secure tomorrow -- Building a safe, clean, healthy and affordable B.C. -- Controlling spending and balancing the budget -- Our plan for a debt-free B.C. -- Roadmap to a debt-free B.C. -- Platform costing.</subfield></datafield><datafield tag="650" ind1=" " ind2="0"><subfield code="a">Campaign literature</subfield><subfield code="z">British Columbia.</subfield></datafield><datafield tag="651" ind1=" " ind2="0"><subfield code="a">British Columbia</subfield><subfield code="x">Politics and government.</subfield></datafield><datafield tag="651" ind1=" " ind2="5"><subfield code="a">British Columbia</subfield><subfield code="x">Politics and government</subfield><subfield code="y">2001-</subfield></datafield><datafield tag="610" ind1="2" ind2="0"><subfield code="a">British Columbia Liberal Party</subfield><subfield code="x">Platforms.</subfield></datafield><datafield tag="610" ind1="1" ind2="0"><subfield code="a">British Columbia.</subfield><subfield code="b">Legislative Assembly</subfield><subfield code="x">Elections, 2013.</subfield></datafield><datafield tag="906" ind1=" " ind2=" "><subfield code="a">BOOK</subfield></datafield><datafield tag="950" ind1=" " ind2=" "><subfield code="c">2025-03-23 21:11:40 US/Eastern</subfield><subfield code="b">2018-03-10 11:16:05 US/Eastern</subfield><subfield code="a">false</subfield></datafield><datafield tag="951" ind1=" " ind2=" "><subfield code="v">2025-03-23 21:11:40 US/Eastern</subfield><subfield code="g">Coherent Digital</subfield><subfield code="u">System</subfield><subfield code="t">2025-03-23 21:11:40 US/Eastern</subfield><subfield code="x">https://na05.alma.exlibrisgroup.com/view/uresolver/01PRI_INST/openurl?u.ignore_date_coverage=true&amp;portfolio_pid=531045761620006421&amp;Force_direct=true</subfield><subfield code="s">electronic inventory creator</subfield><subfield code="0">531045761620006421</subfield><subfield code="w">2025-03-24 01:11:40</subfield><subfield code="f">true</subfield><subfield code="m">61899121910006421</subfield><subfield code="n">Canada Commons - Documents</subfield><subfield code="b">param</subfield><subfield code="1">62899121900006421</subfield><subfield code="c">d?u.ignore_date_coverage=true&amp;rft.mms_id=99131405382306421</subfield><subfield code="a">Available</subfield><subfield code="l">614330000000000961</subfield><subfield code="e">BOOK</subfield><subfield code="8">531045761620006421</subfield></datafield></record>