<record><leader>03497nam a2200757 a 4500</leader><controlfield tag="001">99131404971506421</controlfield><controlfield tag="005">20230114022759</controlfield><controlfield tag="006">m     o  d        </controlfield><controlfield tag="007">cr cn||||||n||</controlfield><controlfield tag="008">120709t20122011bcca    o     000 0 eng d</controlfield><datafield tag="028" ind1="6" ind2="0"><subfield code="a">233017</subfield><subfield code="b">CaOOCEL</subfield><subfield code="q">(Public Documents)</subfield></datafield><datafield tag="035" ind1=" " ind2=" "><subfield code="a">(CaOOCEL)233017</subfield></datafield><datafield tag="035" ind1=" " ind2=" "><subfield code="a">(CKB)4330000000493782</subfield></datafield><datafield tag="035" ind1=" " ind2=" "><subfield code="a">(CaBNVSL)swl00401037</subfield></datafield><datafield tag="035" ind1=" " ind2=" "><subfield code="a">(OCoLC)806243374</subfield></datafield><datafield tag="035" ind1=" " ind2=" "><subfield code="a">(VaAlCD)20.500.12592/rz93qn</subfield></datafield><datafield tag="035" ind1=" " ind2=" "><subfield code="a">(EXLCZ)994330000000493782</subfield></datafield><datafield tag="037" ind1=" " ind2=" "><subfield code="a">20.500.12592/rz93qn</subfield><subfield code="b">Coherent Digital</subfield></datafield><datafield tag="040" ind1=" " ind2=" "><subfield code="a">CaBNVSL</subfield><subfield code="c">CaBNVSL</subfield><subfield code="d">VaAlCD</subfield></datafield><datafield tag="043" ind1=" " ind2=" "><subfield code="a">n-cn-bc</subfield></datafield><datafield tag="050" ind1=" " ind2="4"><subfield code="a">JL439.A55</subfield><subfield code="b">C524 2011eb</subfield></datafield><datafield tag="082" ind1="0" ind2="4"><subfield code="a">324.9711</subfield><subfield code="2">23</subfield></datafield><datafield tag="100" ind1="1" ind2=" "><subfield code="a">Clark, Christy.</subfield></datafield><datafield tag="245" ind1="1" ind2="0"><subfield code="a">Families first agenda for change: Clark campaign policy proposals</subfield></datafield><datafield tag="246" ind1="3" ind2="0"><subfield code="a">Clark campaign policy proposals.</subfield></datafield><datafield tag="246" ind1="1" ind2="7"><subfield code="a">Vote for change.</subfield></datafield><datafield tag="260" ind1=" " ind2=" "><subfield code="a">[Victoria, B.C.] :</subfield><subfield code="b">[BC Liberal Party],</subfield><subfield code="c">[2011]</subfield></datafield><datafield tag="300" ind1=" " ind2=" "><subfield code="a">1 electronic text (19 p.) :</subfield><subfield code="b">ill., digital file.</subfield></datafield><datafield tag="520" ind1="3" ind2=" "><subfield code="a">This document lays out the foundation for decision making and the key policies I would introduce as premier of British Columbia. It is the product of listening and consultation across our province, as well as my experience as Deputy Premier of B.C. Just as families are anchored by a set of moral values and a sense of history, my policies as premier will be based on core principles that will guide the decisions my government makes to take B.C.'s families forward.</subfield></datafield><datafield tag="505" ind1="0" ind2=" "><subfield code="a">Four corners of families first -- New business and job creation -- Empowering people -- Modernizing our approach to healthy families -- Safe communities, secure families -- Making it happen.</subfield></datafield><datafield tag="650" ind1=" " ind2="0"><subfield code="a">Family policy</subfield><subfield code="z">British Columbia.</subfield></datafield><datafield tag="650" ind1=" " ind2="0"><subfield code="a">Campaign literature</subfield><subfield code="z">British Columbia.</subfield></datafield><datafield tag="650" ind1=" " ind2="7"><subfield code="a">British columbia</subfield><subfield code="2">Iptcnc</subfield></datafield><datafield tag="650" ind1=" " ind2="7"><subfield code="a">Crime</subfield><subfield code="2">Iptcnc</subfield></datafield><datafield tag="650" ind1=" " ind2="7"><subfield code="a">Criminal justice</subfield><subfield code="2">Iptcnc</subfield></datafield><datafield tag="650" ind1=" " ind2="7"><subfield code="a">Tax</subfield><subfield code="2">Iptcnc</subfield></datafield><datafield tag="650" ind1=" " ind2="7"><subfield code="a">Venture capital</subfield><subfield code="2">Iptcnc</subfield></datafield><datafield tag="650" ind1=" " ind2="7"><subfield code="a">Sustainable energy</subfield><subfield code="2">Iptcnc</subfield></datafield><datafield tag="650" ind1=" " ind2="7"><subfield code="a">Government</subfield><subfield code="2">Iptcnc</subfield></datafield><datafield tag="650" ind1=" " ind2="7"><subfield code="a">Smoking cessation</subfield><subfield code="2">Iptcnc</subfield></datafield><datafield tag="650" ind1=" " ind2="7"><subfield code="a">Tourism</subfield><subfield code="2">Iptcnc</subfield></datafield><datafield tag="650" ind1=" " ind2="7"><subfield code="a">Entrepreneurship</subfield><subfield code="2">Iptcnc</subfield></datafield><datafield tag="651" ind1=" " ind2="0"><subfield code="a">British Columbia</subfield><subfield code="x">Politics and government.</subfield></datafield><datafield tag="651" ind1=" " ind2="5"><subfield code="a">British Columbia</subfield><subfield code="x">Politics and government</subfield><subfield code="y">2001-</subfield></datafield><datafield tag="610" ind1="2" ind2="0"><subfield code="a">British Columbia Liberal Party</subfield><subfield code="x">Platforms.</subfield></datafield><datafield tag="610" ind1="1" ind2="0"><subfield code="a">British Columbia.</subfield><subfield code="b">Premier</subfield><subfield code="x">Elections, 2011.</subfield></datafield><datafield tag="710" ind1="2" ind2=" "><subfield code="a">British Columbia Liberal Party.</subfield></datafield><datafield tag="906" ind1=" " ind2=" "><subfield code="a">BOOK</subfield></datafield><datafield tag="950" ind1=" " ind2=" "><subfield code="c">2025-03-23 20:37:47 US/Eastern</subfield><subfield code="b">2018-03-10 11:16:05 US/Eastern</subfield><subfield code="a">false</subfield></datafield><datafield tag="951" ind1=" " ind2=" "><subfield code="v">2025-03-23 20:37:47 US/Eastern</subfield><subfield code="g">Coherent Digital</subfield><subfield code="u">System</subfield><subfield code="t">2025-03-23 20:37:47 US/Eastern</subfield><subfield code="x">https://na05.alma.exlibrisgroup.com/view/uresolver/01PRI_INST/openurl?u.ignore_date_coverage=true&amp;portfolio_pid=531045659640006421&amp;Force_direct=true</subfield><subfield code="s">electronic inventory creator</subfield><subfield code="0">531045659640006421</subfield><subfield code="w">2025-03-24 00:37:47</subfield><subfield code="f">true</subfield><subfield code="m">61899121910006421</subfield><subfield code="n">Canada Commons - Documents</subfield><subfield code="b">param</subfield><subfield code="1">62899121900006421</subfield><subfield code="c">d?u.ignore_date_coverage=true&amp;rft.mms_id=99131404971506421</subfield><subfield code="a">Available</subfield><subfield code="l">614330000000000961</subfield><subfield code="e">BOOK</subfield><subfield code="8">531045659640006421</subfield></datafield></record>