<record><leader>03172nam a22008773i 4500</leader><controlfield tag="001">99131404611506421</controlfield><controlfield tag="005">20230114030512</controlfield><controlfield tag="006">m     o  d        </controlfield><controlfield tag="007">cr cn||||||n||</controlfield><controlfield tag="008">150210t20152014bcc     o     000 0 eng d</controlfield><datafield tag="028" ind1="6" ind2="0"><subfield code="a">244936</subfield><subfield code="b">CaOOCEL</subfield><subfield code="q">(Public Documents)</subfield></datafield><datafield tag="035" ind1=" " ind2=" "><subfield code="a">(CaOOCEL)244936</subfield></datafield><datafield tag="035" ind1=" " ind2=" "><subfield code="a">(CKB)4330000000496164</subfield></datafield><datafield tag="035" ind1=" " ind2=" "><subfield code="a">(CaBNVSL)rjv00108288</subfield></datafield><datafield tag="035" ind1=" " ind2=" "><subfield code="a">(OCoLC)905229994</subfield></datafield><datafield tag="035" ind1=" " ind2=" "><subfield code="a">(VaAlCD)20.500.12592/npk8pb</subfield></datafield><datafield tag="035" ind1=" " ind2=" "><subfield code="a">(EXLCZ)994330000000496164</subfield></datafield><datafield tag="037" ind1=" " ind2=" "><subfield code="a">20.500.12592/npk8pb</subfield><subfield code="b">Coherent Digital</subfield></datafield><datafield tag="040" ind1=" " ind2=" "><subfield code="a">CaBNVSL</subfield><subfield code="b">eng</subfield><subfield code="e">rda</subfield><subfield code="c">CaBNVSL</subfield><subfield code="d">VaAlCD</subfield></datafield><datafield tag="043" ind1=" " ind2=" "><subfield code="a">n-cn-bc</subfield></datafield><datafield tag="050" ind1=" " ind2="4"><subfield code="a">JL439.C4</subfield><subfield code="b">C476 2014eb</subfield></datafield><datafield tag="082" ind1="0" ind2="4"><subfield code="a">324/.9711</subfield><subfield code="2">23</subfield></datafield><datafield tag="110" ind1="2" ind2=" "><subfield code="a">Christian Heritage Party of British Columbia,</subfield><subfield code="e">issuing body.</subfield></datafield><datafield tag="245" ind1="0" ind2="0"><subfield code="a">Policies of the Christian Heritage Party of British Columbia</subfield></datafield><datafield tag="246" ind1="3" ind2="0"><subfield code="a">Christian Heritage Party of British Columbia.</subfield></datafield><datafield tag="250" ind1=" " ind2=" "><subfield code="a">Revised September 04, 2014.</subfield></datafield><datafield tag="264" ind1=" " ind2="1"><subfield code="a">[Smithers, British Columbia] :</subfield><subfield code="b">Christian Heritage Party of British Columbia,</subfield><subfield code="c">[2014]</subfield></datafield><datafield tag="264" ind1=" " ind2="2"><subfield code="a">Ottawa, Ontario :</subfield><subfield code="b">Canadian Electronic Library,</subfield><subfield code="c">2015.</subfield></datafield><datafield tag="300" ind1=" " ind2=" "><subfield code="a">1 electronic text (23 pages).</subfield></datafield><datafield tag="336" ind1=" " ind2=" "><subfield code="a">text</subfield><subfield code="2">rdacontent</subfield></datafield><datafield tag="337" ind1=" " ind2=" "><subfield code="a">electronic</subfield><subfield code="2">isbdmedia</subfield></datafield><datafield tag="338" ind1=" " ind2=" "><subfield code="a">online resource</subfield><subfield code="2">rdacarrier</subfield></datafield><datafield tag="588" ind1=" " ind2=" "><subfield code="a">Title from cover.</subfield></datafield><datafield tag="650" ind1=" " ind2="0"><subfield code="a">Campaign literature</subfield><subfield code="z">British Columbia.</subfield></datafield><datafield tag="650" ind1=" " ind2="7"><subfield code="a">Abortion</subfield><subfield code="2">Iptcnc</subfield></datafield><datafield tag="650" ind1=" " ind2="7"><subfield code="a">British columbia</subfield><subfield code="2">Iptcnc</subfield></datafield><datafield tag="650" ind1=" " ind2="7"><subfield code="a">Canada</subfield><subfield code="2">Iptcnc</subfield></datafield><datafield tag="650" ind1=" " ind2="7"><subfield code="a">Citizenship</subfield><subfield code="2">Iptcnc</subfield></datafield><datafield tag="650" ind1=" " ind2="7"><subfield code="a">Crime</subfield><subfield code="2">Iptcnc</subfield></datafield><datafield tag="650" ind1=" " ind2="7"><subfield code="a">Election</subfield><subfield code="2">Iptcnc</subfield></datafield><datafield tag="650" ind1=" " ind2="7"><subfield code="a">Electricity generation</subfield><subfield code="2">Iptcnc</subfield></datafield><datafield tag="650" ind1=" " ind2="7"><subfield code="a">Federal government of the united states</subfield><subfield code="2">Iptcnc</subfield></datafield><datafield tag="650" ind1=" " ind2="7"><subfield code="a">Government</subfield><subfield code="2">Iptcnc</subfield></datafield><datafield tag="650" ind1=" " ind2="7"><subfield code="a">Health care</subfield><subfield code="2">Iptcnc</subfield></datafield><datafield tag="651" ind1=" " ind2="5"><subfield code="a">British Columbia</subfield><subfield code="x">Politics and government</subfield><subfield code="y">2001-</subfield></datafield><datafield tag="651" ind1=" " ind2="0"><subfield code="a">British Columbia</subfield><subfield code="x">Politics and government.</subfield></datafield><datafield tag="610" ind1="2" ind2="0"><subfield code="a">Christian Heritage Party of British Columbia</subfield><subfield code="x">Platforms.</subfield></datafield><datafield tag="906" ind1=" " ind2=" "><subfield code="a">BOOK</subfield></datafield><datafield tag="950" ind1=" " ind2=" "><subfield code="c">2025-03-23 19:58:15 US/Eastern</subfield><subfield code="b">2018-03-10 11:16:05 US/Eastern</subfield><subfield code="a">false</subfield></datafield><datafield tag="951" ind1=" " ind2=" "><subfield code="v">2025-03-23 19:58:15 US/Eastern</subfield><subfield code="g">Coherent Digital</subfield><subfield code="u">System</subfield><subfield code="t">2025-03-23 19:58:15 US/Eastern</subfield><subfield code="x">https://na05.alma.exlibrisgroup.com/view/uresolver/01PRI_INST/openurl?u.ignore_date_coverage=true&amp;portfolio_pid=531045513080006421&amp;Force_direct=true</subfield><subfield code="s">electronic inventory creator</subfield><subfield code="0">531045513080006421</subfield><subfield code="w">2025-03-23 23:58:15</subfield><subfield code="f">true</subfield><subfield code="m">61899121910006421</subfield><subfield code="n">Canada Commons - Documents</subfield><subfield code="b">param</subfield><subfield code="1">62899121900006421</subfield><subfield code="c">d?u.ignore_date_coverage=true&amp;rft.mms_id=99131404611506421</subfield><subfield code="a">Available</subfield><subfield code="l">614330000000000961</subfield><subfield code="e">BOOK</subfield><subfield code="8">531045513080006421</subfield></datafield></record>