<record><leader>01810nam a2200433 i 4500</leader><controlfield tag="001">99131368892606421</controlfield><controlfield tag="005">20250126125812.0</controlfield><controlfield tag="006">m     o  d |      </controlfield><controlfield tag="007">cr cnu||||||||</controlfield><controlfield tag="008">250126s2024    nyu     ob    001 0 eng d</controlfield><datafield tag="020" ind1=" " ind2=" "><subfield code="a">9780197763995</subfield></datafield><datafield tag="020" ind1=" " ind2=" "><subfield code="a">0197763995</subfield></datafield><datafield tag="020" ind1=" " ind2=" "><subfield code="a">9780197763971</subfield></datafield><datafield tag="020" ind1=" " ind2=" "><subfield code="a">0197763979</subfield></datafield><datafield tag="035" ind1=" " ind2=" "><subfield code="a">(MiAaPQ)EBC31869713</subfield></datafield><datafield tag="035" ind1=" " ind2=" "><subfield code="a">(Au-PeEL)EBL31869713</subfield></datafield><datafield tag="035" ind1=" " ind2=" "><subfield code="a">(CKB)37128186100041</subfield></datafield><datafield tag="035" ind1=" " ind2=" "><subfield code="a">(EXLCZ)9937128186100041</subfield></datafield><datafield tag="040" ind1=" " ind2=" "><subfield code="a">MiAaPQ</subfield><subfield code="b">eng</subfield><subfield code="e">rda</subfield><subfield code="e">pn</subfield><subfield code="c">MiAaPQ</subfield><subfield code="d">MiAaPQ</subfield></datafield><datafield tag="043" ind1=" " ind2=" "><subfield code="a">e-gx---</subfield><subfield code="a">e-uk---</subfield></datafield><datafield tag="050" ind1=" " ind2="4"><subfield code="a">PT363.M98</subfield><subfield code="b">.W374 2024</subfield></datafield><datafield tag="082" ind1="0" ind2=" "><subfield code="a">823.80937</subfield><subfield code="2">23</subfield></datafield><datafield tag="100" ind1="1" ind2=" "><subfield code="a">Ware, Owen,</subfield><subfield code="e">author.</subfield></datafield><datafield tag="245" ind1="1" ind2="0"><subfield code="a">Return of the gods :</subfield><subfield code="b">mythology in romantic philosophy and literature /</subfield><subfield code="c">Owen Ware.</subfield></datafield><datafield tag="250" ind1=" " ind2=" "><subfield code="a">First edition.</subfield></datafield><datafield tag="264" ind1=" " ind2="1"><subfield code="a">New York, NY :</subfield><subfield code="b">Oxford University Press,</subfield><subfield code="c">[2024]</subfield></datafield><datafield tag="264" ind1=" " ind2="4"><subfield code="c">©2024</subfield></datafield><datafield tag="300" ind1=" " ind2=" "><subfield code="a">1 online resource (278 pages)</subfield></datafield><datafield tag="336" ind1=" " ind2=" "><subfield code="a">text</subfield><subfield code="b">txt</subfield><subfield code="2">rdacontent</subfield></datafield><datafield tag="337" ind1=" " ind2=" "><subfield code="a">computer</subfield><subfield code="b">c</subfield><subfield code="2">rdamedia</subfield></datafield><datafield tag="338" ind1=" " ind2=" "><subfield code="a">online resource</subfield><subfield code="b">cr</subfield><subfield code="2">rdacarrier</subfield></datafield><datafield tag="520" ind1=" " ind2=" "><subfield code="a">Return of the Gods argues that the romantics turned to mythology for its potential to transform how we see ourselves, others, and the world. Engaging with authors such as William Blake, Friedrich Schlegel, Samuel Taylor Coleridge, Friedrich von Hardenberg (Novalis), and Percy Bysshe Shelley, Owen Ware combines intellectual history with philosophical analysis and literary criticism to offer a bold reflection on why mythology mattered for the romantics--and why it still matters today.</subfield></datafield><datafield tag="588" ind1=" " ind2=" "><subfield code="a">Description based on publisher supplied metadata and other sources.</subfield></datafield><datafield tag="588" ind1=" " ind2=" "><subfield code="a">Description based on print version record.</subfield></datafield><datafield tag="504" ind1=" " ind2=" "><subfield code="a">Includes bibliographical references and index.</subfield></datafield><datafield tag="650" ind1=" " ind2="0"><subfield code="a">Mythology in literature.</subfield></datafield><datafield tag="650" ind1=" " ind2="0"><subfield code="a">German literature</subfield><subfield code="y">19th century</subfield><subfield code="x">History and criticism.</subfield></datafield><datafield tag="650" ind1=" " ind2="0"><subfield code="a">English literature</subfield><subfield code="y">19th century</subfield><subfield code="x">History and criticism.</subfield></datafield><datafield tag="650" ind1=" " ind2="0"><subfield code="a">Romanticism</subfield><subfield code="z">Germany.</subfield></datafield><datafield tag="650" ind1=" " ind2="0"><subfield code="a">Romanticism</subfield><subfield code="z">Great Britain.</subfield></datafield><datafield tag="650" ind1=" " ind2="0"><subfield code="a">Philosophy, German</subfield><subfield code="y">19th century.</subfield></datafield><datafield tag="650" ind1=" " ind2="0"><subfield code="a">Philosophy, British</subfield><subfield code="y">19th century.</subfield></datafield><datafield tag="776" ind1="0" ind2="8"><subfield code="z">9780197763964</subfield></datafield><datafield tag="776" ind1="0" ind2="8"><subfield code="z">0197763960</subfield></datafield><datafield tag="906" ind1=" " ind2=" "><subfield code="a">BOOK</subfield></datafield><datafield tag="950" ind1=" " ind2=" "><subfield code="c">2025-02-12 00:39:17 US/Eastern</subfield><subfield code="b">2025-01-05 05:00:35 US/Eastern</subfield><subfield code="a">false</subfield></datafield><datafield tag="951" ind1=" " ind2=" "><subfield code="v">2025-02-10 01:35:55 US/Eastern</subfield><subfield code="g">Oxford Scholarship Online</subfield><subfield code="u">System</subfield><subfield code="j">We subscribe to all the OUP titles, but target includes partner presses too, so selective activation necessary (note: includes many duplicate portfolios, diff ISBNs for same title) --nb, 10/15</subfield><subfield code="t">2025-02-10 01:35:54 US/Eastern</subfield><subfield code="x">https://na05.alma.exlibrisgroup.com/view/uresolver/01PRI_INST/openurl?u.ignore_date_coverage=true&amp;portfolio_pid=531042540600006421&amp;Force_direct=true</subfield><subfield code="s">electronic inventory creator</subfield><subfield code="0">531042540600006421</subfield><subfield code="w">2025-02-10 06:35:54</subfield><subfield code="f">true</subfield><subfield code="m">61753485740006421</subfield><subfield code="n">Oxford Scholarship - Oxford University Press: Philosophy</subfield><subfield code="b">param</subfield><subfield code="q">POL-254937</subfield><subfield code="1">62753513390006421</subfield><subfield code="c">d?u.ignore_date_coverage=true&amp;rft.mms_id=99131368892606421</subfield><subfield code="a">Available</subfield><subfield code="l">613720000000002204</subfield><subfield code="e">BOOK</subfield><subfield code="8">531042540600006421</subfield></datafield></record>