<record><leader>05477cam a2200961 i 4500</leader><controlfield tag="005">20250417040957.0</controlfield><controlfield tag="008">170825t20172017enkach j b    001 0deng  </controlfield><controlfield tag="001">99131364594106421</controlfield><datafield tag="019" ind1=" " ind2=" "><subfield code="a">1442294835</subfield></datafield><datafield tag="020" ind1=" " ind2=" "><subfield code="a">9781408890769</subfield><subfield code="q">(hardback)</subfield></datafield><datafield tag="020" ind1=" " ind2=" "><subfield code="a">1408890763</subfield><subfield code="q">(hardback)</subfield></datafield><datafield tag="035" ind1=" " ind2=" "><subfield code="a">(OCoLC)on1011325010</subfield></datafield><datafield tag="040" ind1=" " ind2=" "><subfield code="a">AU@</subfield><subfield code="b">eng</subfield><subfield code="e">rda</subfield><subfield code="c">AU@</subfield><subfield code="d">OCLCO</subfield><subfield code="d">NBO</subfield><subfield code="d">NUI</subfield><subfield code="d">NZAUC</subfield><subfield code="d">OCLCF</subfield><subfield code="d">OCLCQ</subfield><subfield code="d">THHCU</subfield><subfield code="d">CHVBK</subfield><subfield code="d">KN4</subfield><subfield code="d">OCLCO</subfield><subfield code="d">NZ1</subfield><subfield code="d">YDX</subfield><subfield code="d">WAU</subfield><subfield code="d">OCLCO</subfield><subfield code="d">OCLCA</subfield><subfield code="d">CNGUL</subfield><subfield code="d">OCLCO</subfield><subfield code="d">EUV</subfield><subfield code="d">OCL</subfield><subfield code="d">OCLCO</subfield><subfield code="d">OCLCQ</subfield><subfield code="d">OCLCO</subfield><subfield code="d">NZGPL</subfield><subfield code="d">OCLCO</subfield><subfield code="d">OCLCL</subfield><subfield code="d">OCLCQ</subfield></datafield><datafield tag="050" ind1=" " ind2="4"><subfield code="a">PR6068.O93</subfield><subfield code="b">H36 2017</subfield></datafield><datafield tag="050" ind1=" " ind2="4"><subfield code="a">PR6068.O93</subfield><subfield code="b">H37 2017</subfield></datafield><datafield tag="082" ind1="0" ind2="4"><subfield code="a">133.4309</subfield><subfield code="2">23</subfield></datafield><datafield tag="084" ind1=" " ind2=" "><subfield code="a">B991-09</subfield><subfield code="2">clc</subfield></datafield><datafield tag="245" ind1="0" ind2="0"><subfield code="a">Harry Potter :</subfield><subfield code="b">a history of magic.</subfield></datafield><datafield tag="246" ind1="3" ind2="0"><subfield code="a">History of magic</subfield></datafield><datafield tag="264" ind1=" " ind2="1"><subfield code="a">London :</subfield><subfield code="b">Bloomsbury Publishing Plc,</subfield><subfield code="c">2017.</subfield></datafield><datafield tag="264" ind1=" " ind2="4"><subfield code="c">©2017</subfield></datafield><datafield tag="300" ind1=" " ind2=" "><subfield code="a">249 pages :</subfield><subfield code="b">illustrations (some colour), portraits (some colour), facsimiles ;</subfield><subfield code="c">28 cm</subfield></datafield><datafield tag="336" ind1=" " ind2=" "><subfield code="a">text</subfield><subfield code="b">txt</subfield><subfield code="2">rdacontent</subfield></datafield><datafield tag="336" ind1=" " ind2=" "><subfield code="a">still image</subfield><subfield code="b">sti</subfield><subfield code="2">rdacontent</subfield></datafield><datafield tag="337" ind1=" " ind2=" "><subfield code="a">unmediated</subfield><subfield code="b">n</subfield><subfield code="2">rdamedia</subfield></datafield><datafield tag="338" ind1=" " ind2=" "><subfield code="a">volume</subfield><subfield code="b">nc</subfield><subfield code="2">rdacarrier</subfield></datafield><datafield tag="385" ind1=" " ind2=" "><subfield code="n">age</subfield><subfield code="a">Children</subfield><subfield code="2">lcdgt</subfield></datafield><datafield tag="505" ind1="0" ind2=" "><subfield code="a">Introduction / Julian Harrison -- The journey / Julia Eccleshare -- Potions and alchemy / Roger Highfield -- Herbology / Anna Pavord -- Charms / Lucy Mangan -- Astronomy / Tim Peake -- Divination / Owen Davies -- Defence against the dark arts / Richard Coles -- Care of magical creatures / Steve Backshall -- Past, present, future / Steve Kloves -- About J.K. Rowling -- The British Library.</subfield></datafield><datafield tag="520" ind1=" " ind2=" "><subfield code="a">Harry Potter: A History of Magic is the official book of the exhibition, a once-in-a-lifetime collaboration between Bloomsbury, J.K. Rowling and the brilliant curators of the British Library. It promises to take readers on a fascinating journey through the subjects studied at Hogwarts School of Witchcraft and Wizardry -- from Alchemy and Potions classes through to Herbology and Care of Magical Creatures. Each chapter showcases a treasure trove of artefacts from the British Library and other collections around the world, beside exclusive manuscripts, sketches and illustrations from the Harry Potter archive. There's also a specially commissioned essay for each subject area by an expert, writer or cultural commentator, inspired by the contents of the exhibition -- absorbing, insightful and unexpected contributions from Steve Backshall, the Reverend Richard Coles, Owen Davies, Julia Eccleshare, Roger Highfield, Steve Kloves, Lucy Mangan, Anna Pavord and Tim Peake, who offer a personal perspective on their magical theme.</subfield></datafield><datafield tag="504" ind1=" " ind2=" "><subfield code="a">Includes bibliographical references and index.</subfield></datafield><datafield tag="541" ind1=" " ind2=" "><subfield code="3">Princeton copy 1</subfield><subfield code="c">Gift;</subfield><subfield code="a">Andrea Immel;</subfield><subfield code="d">2024.</subfield><subfield code="5">NjP</subfield></datafield><datafield tag="500" ind1=" " ind2=" "><subfield code="a">"The spellbinding companion to a unique exhibition"--Cover</subfield></datafield><datafield tag="500" ind1=" " ind2=" "><subfield code="a">"British Library"--Cover</subfield></datafield><datafield tag="500" ind1=" " ind2=" "><subfield code="a">"This book is based on the British Library exhibition Harry Potter: A History of Magic"--Preliminary page</subfield></datafield><datafield tag="500" ind1=" " ind2=" "><subfield code="a">Includes index.</subfield></datafield><datafield tag="563" ind1=" " ind2=" "><subfield code="a">Pub. tan color-printed pictorial boards with gold accent and color-printed pictorial dust jacket with pictorial endpapers.</subfield></datafield><datafield tag="600" ind1="1" ind2="0"><subfield code="a">Rowling, J. K.</subfield><subfield code="t">Harry Potter series</subfield><subfield code="x">History</subfield><subfield code="v">Exhibitions</subfield><subfield code="v">Juvenile literature.</subfield></datafield><datafield tag="600" ind1="1" ind2="0"><subfield code="a">Rowling, J. K.</subfield><subfield code="t">Harry Potter series</subfield><subfield code="v">Miscellanea</subfield><subfield code="v">Exhibitions</subfield><subfield code="v">Juvenile literature.</subfield></datafield><datafield tag="610" ind1="2" ind2="0"><subfield code="a">British Library</subfield><subfield code="v">Exhibitions</subfield><subfield code="v">Juvenile literature.</subfield></datafield><datafield tag="650" ind1=" " ind2="0"><subfield code="a">Witchcraft</subfield><subfield code="x">History</subfield><subfield code="v">Exhibitions.</subfield></datafield><datafield tag="650" ind1=" " ind2="0"><subfield code="a">Magic in literature</subfield><subfield code="v">Exhibitions.</subfield></datafield><datafield tag="650" ind1=" " ind2="0"><subfield code="a">Wizards in literature</subfield><subfield code="v">Exhibitions.</subfield></datafield><datafield tag="600" ind1="1" ind2="1"><subfield code="a">Rowling, J. K.</subfield><subfield code="t">Harry Potter series</subfield><subfield code="x">History</subfield><subfield code="v">Exhibitions.</subfield></datafield><datafield tag="610" ind1="2" ind2="1"><subfield code="a">British Library</subfield><subfield code="v">Exhibitions.</subfield></datafield><datafield tag="650" ind1=" " ind2="1"><subfield code="a">Harry Potter films.</subfield></datafield><datafield tag="650" ind1=" " ind2="1"><subfield code="a">Magic</subfield><subfield code="x">History.</subfield></datafield><datafield tag="650" ind1=" " ind2="6"><subfield code="a">Sorcellerie</subfield><subfield code="x">Histoire</subfield><subfield code="v">Expositions.</subfield></datafield><datafield tag="650" ind1=" " ind2="6"><subfield code="a">Magie dans la littérature</subfield><subfield code="v">Expositions.</subfield></datafield><datafield tag="600" ind1="1" ind2="7"><subfield code="a">Rowling, J. K.</subfield><subfield code="x">History.</subfield><subfield code="2">cct</subfield></datafield><datafield tag="600" ind1="1" ind2="7"><subfield code="a">Rowling, J. K.</subfield><subfield code="2">cct</subfield></datafield><datafield tag="610" ind1="2" ind2="7"><subfield code="a">British Library.</subfield><subfield code="2">cct</subfield></datafield><datafield tag="650" ind1=" " ind2="7"><subfield code="a">Harry Potter films</subfield><subfield code="v">Juvenile literature.</subfield><subfield code="2">cct</subfield></datafield><datafield tag="650" ind1=" " ind2="7"><subfield code="a">Magic</subfield><subfield code="x">History</subfield><subfield code="v">Juvenile literature.</subfield><subfield code="2">cct</subfield></datafield><datafield tag="650" ind1=" " ind2="7"><subfield code="a">Harry Potter films.</subfield><subfield code="2">cct</subfield></datafield><datafield tag="650" ind1=" " ind2="7"><subfield code="a">Magic</subfield><subfield code="x">History.</subfield><subfield code="2">cct</subfield></datafield><datafield tag="650" ind1=" " ind2="7"><subfield code="a">Magic.</subfield><subfield code="2">cct</subfield></datafield><datafield tag="650" ind1=" " ind2="7"><subfield code="a">Exhibition catalogs.</subfield><subfield code="2">cct</subfield></datafield><datafield tag="650" ind1=" " ind2="7"><subfield code="a">History.</subfield><subfield code="2">cct</subfield></datafield><datafield tag="650" ind1=" " ind2="7"><subfield code="a">Juvenile works.</subfield><subfield code="2">cct</subfield></datafield><datafield tag="650" ind1=" " ind2="7"><subfield code="a">Literature.</subfield><subfield code="2">eflch</subfield></datafield><datafield tag="610" ind1="2" ind2="7"><subfield code="a">British Library</subfield><subfield code="2">fast</subfield></datafield><datafield tag="630" ind1="0" ind2="7"><subfield code="a">Harry Potter series (Rowling, J. K.)</subfield><subfield code="2">fast</subfield></datafield><datafield tag="650" ind1=" " ind2="7"><subfield code="a">Wizards in literature</subfield><subfield code="2">fast</subfield></datafield><datafield tag="650" ind1=" " ind2="7"><subfield code="a">Witchcraft</subfield><subfield code="2">fast</subfield></datafield><datafield tag="650" ind1=" " ind2="7"><subfield code="a">Magic in literature</subfield><subfield code="2">fast</subfield></datafield><datafield tag="650" ind1=" " ind2="7"><subfield code="a">Harry Potter films</subfield><subfield code="2">fast</subfield></datafield><datafield tag="650" ind1=" " ind2="7"><subfield code="a">Magic</subfield><subfield code="2">fast</subfield></datafield><datafield tag="600" ind1="1" ind2="7"><subfield code="a">Rowling, J. K.</subfield><subfield code="d">1965-</subfield><subfield code="t">Harry Potter</subfield><subfield code="2">gnd</subfield></datafield><datafield tag="650" ind1=" " ind2="7"><subfield code="a">Harry Potter films.</subfield><subfield code="2">sears</subfield></datafield><datafield tag="650" ind1=" " ind2="7"><subfield code="a">Literature.</subfield><subfield code="2">ukslc</subfield></datafield><datafield tag="655" ind1=" " ind2="7"><subfield code="a">exhibition catalogs.</subfield><subfield code="2">aat</subfield></datafield><datafield tag="655" ind1=" " ind2="7"><subfield code="a">Exhibition catalogs</subfield><subfield code="2">fast</subfield></datafield><datafield tag="655" ind1=" " ind2="7"><subfield code="a">History</subfield><subfield code="2">fast</subfield></datafield><datafield tag="655" ind1=" " ind2="7"><subfield code="a">Juvenile works</subfield><subfield code="2">fast</subfield></datafield><datafield tag="655" ind1=" " ind2="7"><subfield code="a">Exhibition catalogs.</subfield><subfield code="2">lcgft</subfield></datafield><datafield tag="655" ind1=" " ind2="7"><subfield code="a">Catalogues d'exposition.</subfield><subfield code="2">rvmgf</subfield></datafield><datafield tag="700" ind1="1" ind2=" "><subfield code="a">Harrison, Julian,</subfield><subfield code="d">1970-</subfield><subfield code="e">contributor,</subfield><subfield code="e">curator.</subfield><subfield code="1">https://id.oclc.org/worldcat/entity/E39PBJfx4y3RHpvgXjf6Yr4cyd</subfield></datafield><datafield tag="700" ind1="1" ind2=" "><subfield code="a">Lock, Alexander</subfield><subfield code="q">(Alexander James),</subfield><subfield code="e">curator.</subfield><subfield code="1">https://id.oclc.org/worldcat/entity/E39PCjFwHwXkbpcXdGvq4rWjyd</subfield></datafield><datafield tag="700" ind1="1" ind2=" "><subfield code="a">Kirk, Tanya,</subfield><subfield code="e">curator.</subfield></datafield><datafield tag="700" ind1="1" ind2=" "><subfield code="a">Norledge, Joanna,</subfield><subfield code="e">curator.</subfield></datafield><datafield tag="710" ind1="2" ind2=" "><subfield code="a">British Library,</subfield><subfield code="e">host institution.</subfield></datafield><datafield tag="902" ind1=" " ind2=" "><subfield code="a">940007633</subfield><subfield code="w">copy</subfield><subfield code="1">20250415161455.0</subfield></datafield><datafield tag="914" ind1=" " ind2=" "><subfield code="a">(OCoLC)on1011325010</subfield><subfield code="b">OCoLC</subfield><subfield code="c">match</subfield><subfield code="d">20250416</subfield><subfield code="e">processed</subfield><subfield code="f">1011325010</subfield></datafield><datafield tag="950" ind1=" " ind2=" "><subfield code="c">2025-04-17 04:09:57 US/Eastern</subfield><subfield code="b">2025-02-06 10:03:48 US/Eastern</subfield><subfield code="a">false</subfield></datafield><datafield tag="852" ind1="8" ind2=" "><subfield code="b">rare</subfield><subfield code="c">ctsn</subfield><subfield code="h">Q-001956</subfield><subfield code="k">Eng 21Q</subfield><subfield code="8">221042092450006421</subfield></datafield><datafield tag="866" ind1=" " ind2="0"><subfield code="z">Princeton copy 1</subfield><subfield code="8">221042092450006421</subfield></datafield><datafield tag="952" ind1=" " ind2=" "><subfield code="d">2025-04-17 16:00:26</subfield><subfield code="8">221042092450006421</subfield><subfield code="a">2025-02-06 15:05:14</subfield><subfield code="b">Special Collections</subfield><subfield code="c">ctsn: Cotsen Children's Library</subfield><subfield code="e">false</subfield></datafield><datafield tag="876" ind1=" " ind2=" "><subfield code="0">221042092450006421</subfield><subfield code="a">231042092370006421</subfield><subfield code="j">1</subfield><subfield code="z">ctsn</subfield><subfield code="d">2025-02-06 10:12:08 US/Eastern</subfield><subfield code="p">32101103309330</subfield><subfield code="t">1</subfield><subfield code="y">rare</subfield></datafield></record>