<record><leader>04723cam a2200553 i 4500</leader><controlfield tag="005">20250306032602.0</controlfield><controlfield tag="008">240303s2024    onca     b    001 0 eng  </controlfield><controlfield tag="001">99131348564806421</controlfield><datafield tag="020" ind1=" " ind2=" "><subfield code="a">9781487556976</subfield><subfield code="q">(hardcover)</subfield></datafield><datafield tag="020" ind1=" " ind2=" "><subfield code="a">1487556977</subfield><subfield code="q">(hardcover)</subfield></datafield><datafield tag="020" ind1=" " ind2=" "><subfield code="z">9781487556990</subfield><subfield code="q">electronic book</subfield></datafield><datafield tag="020" ind1=" " ind2=" "><subfield code="z">9781487556983</subfield><subfield code="q">electronic book</subfield></datafield><datafield tag="035" ind1=" " ind2=" "><subfield code="a">(OCoLC)on1424730228</subfield></datafield><datafield tag="037" ind1=" " ind2=" "><subfield code="a">W055330</subfield></datafield><datafield tag="040" ind1=" " ind2=" "><subfield code="a">NLC</subfield><subfield code="b">eng</subfield><subfield code="e">rda</subfield><subfield code="c">YDX</subfield><subfield code="d">NLC</subfield><subfield code="d">OCLCO</subfield><subfield code="d">BDX</subfield><subfield code="d">JCU</subfield><subfield code="d">YDX</subfield><subfield code="d">JCU</subfield><subfield code="d">NLC</subfield><subfield code="d">OCLCO</subfield></datafield><datafield tag="042" ind1=" " ind2=" "><subfield code="a">lac</subfield></datafield><datafield tag="043" ind1=" " ind2=" "><subfield code="a">e-it---</subfield><subfield code="a">e-uk-en</subfield></datafield><datafield tag="050" ind1=" " ind2="4"><subfield code="a">N8222.M38</subfield><subfield code="b">M387 2024</subfield></datafield><datafield tag="055" ind1=" " ind2="0"><subfield code="a">HQ1090.7.I8</subfield><subfield code="b">M37 2024</subfield></datafield><datafield tag="082" ind1="0" ind2="4"><subfield code="a">305.310945</subfield><subfield code="q">CaOONL</subfield><subfield code="2">23/eng/20240422</subfield></datafield><datafield tag="084" ind1=" " ind2=" "><subfield code="a">cci1icc</subfield><subfield code="2">lacc</subfield></datafield><datafield tag="245" ind1="0" ind2="0"><subfield code="a">Masculinities and representation :</subfield><subfield code="b">the eroticized male in early modern Italy and England /</subfield><subfield code="c">edited by Konrad Eisenbichler.</subfield></datafield><datafield tag="264" ind1=" " ind2="1"><subfield code="a">Toronto ;</subfield><subfield code="a">Buffalo ;</subfield><subfield code="a">London :</subfield><subfield code="b">University of Toronto Press,</subfield><subfield code="c">[2024]</subfield></datafield><datafield tag="300" ind1=" " ind2=" "><subfield code="a">xii, 255 pages :</subfield><subfield code="b">illustrations;</subfield><subfield code="c">24 cm</subfield></datafield><datafield tag="336" ind1=" " ind2=" "><subfield code="a">text</subfield><subfield code="b">txt</subfield><subfield code="2">rdacontent</subfield></datafield><datafield tag="337" ind1=" " ind2=" "><subfield code="a">unmediated</subfield><subfield code="b">n</subfield><subfield code="2">rdamedia</subfield></datafield><datafield tag="338" ind1=" " ind2=" "><subfield code="a">volume</subfield><subfield code="b">nc</subfield><subfield code="2">rdacarrier</subfield></datafield><datafield tag="504" ind1=" " ind2=" "><subfield code="a">Includes bibliographical references and index.</subfield></datafield><datafield tag="505" ind1="0" ind2="0"><subfield code="g">Introduction /</subfield><subfield code="r">James M. Saslow --</subfield><subfield code="g">Part 1.</subfield><subfield code="t">Religion, heavenly art, earthly bodies --</subfield><subfield code="g">1.</subfield><subfield code="t">Bathing and Bonding: Sensual Male Imagery in Italian Paintings of Baptism /</subfield><subfield code="r">Steven F.H. Stowell --</subfield><subfield code="g">2.</subfield><subfield code="t">Blasphemous or Beautiful? Leonardo da Vinci's Saint John the Baptist: Holy Masculinity and Its Ambiguities ca. 1500 /</subfield><subfield code="r">Anne L. Williams --</subfield><subfield code="g">2.</subfield><subfield code="t">Sharing a Bed with Dominic: Celibacy and Masculinity in the Cult of Saint Vincent Ferrer /</subfield><subfield code="r">Laura Ackerman Smoller --</subfield><subfield code="g">4.</subfield><subfield code="t">The Body of Christ: Suffering and Desire in Gianfrancesco Pico della Mirandola's De Venere et Cupidine Expellendis /</subfield><subfield code="r">Marco Piano --</subfield><subfield code="g">Part 2.</subfield><subfield code="t">Women and men: masculinity, effeminacy, and desire --</subfield><subfield code="g">5.</subfield><subfield code="t">A Dio Zerbini a Dio, a Dio Narcisi: Satirizing Effeminacy in Margherita Costa's Florentine Works (1638-1641) /</subfield><subfield code="r">Sara E. Díaz --</subfield><subfield code="g">6.</subfield><subfield code="t">Masculine-Feminine Dichotomy in the Sixteenth Century: Mythological Donna con Donna Images from Fontainebleau and Northern Italy /</subfield><subfield code="r">Tara White --</subfield><subfield code="g">Part 3.</subfield><subfield code="t">Knowledge and Emotions: Forbidden and Required --</subfield><subfield code="g">7.</subfield><subfield code="t">Wounded Histories on the Stages of Old and New Worlds: Vivaldi's Motezuma and the Cries of Conquest /</subfield><subfield code="r">Kate Driscoll --</subfield><subfield code="g">8.</subfield><subfield code="t">Male Courtly Feeling and the Historical Performativity of Shyness in A Midsummer Night's Dream /</subfield><subfield code="r">Tiffany Hoffman --</subfield><subfield code="g">9.</subfield><subfield code="t">Latin Epigrams and Early Modern Sexual Knowledge: Or, How Jonson Read His Martial /</subfield><subfield code="r">Ian Frederick Moulton.</subfield></datafield><datafield tag="520" ind1=" " ind2=" "><subfield code="a">"In studies on premodern masculinities that have enriched scholarship in recent years, relatively little attention has been paid to the eroticizing of the male body. Masculinities and Representation seeks to fill this lacuna, illustrating how gender construction served to affirm but also diversify premodern masculinity. In so doing, this collection details how, as a social construct, masculinity was not a single concept, but a dynamic and intricate notion. Focusing on the premodern period, Masculinities and Representation reveals how heteronormative masculinity was affirmed, but also how it was challenged when the male body was eroticized in art, literature, and devotion, or when "masculine" norms were transgressed by the assumption of "feminine" behaviours. Ultimately, the book demonstrates how masculinity itself could be transgressive in its focus of affection or in its inherent ambiguities."--</subfield><subfield code="c">Provided by publisher.</subfield></datafield><datafield tag="530" ind1=" " ind2=" "><subfield code="a">Issued also in electronic format.</subfield></datafield><datafield tag="650" ind1=" " ind2="0"><subfield code="a">Masculinity</subfield><subfield code="z">Italy</subfield><subfield code="x">History</subfield><subfield code="y">Early modern, 1500-1700.</subfield></datafield><datafield tag="650" ind1=" " ind2="0"><subfield code="a">Masculinity</subfield><subfield code="z">England</subfield><subfield code="x">History</subfield><subfield code="y">Early modern, 1500-1700.</subfield></datafield><datafield tag="650" ind1=" " ind2="0"><subfield code="a">Masculinity in literature.</subfield></datafield><datafield tag="650" ind1=" " ind2="0"><subfield code="a">Masculinity in art.</subfield></datafield><datafield tag="650" ind1=" " ind2="0"><subfield code="a">Arts, Italian</subfield><subfield code="x">History</subfield><subfield code="y">Early modern, 1500-1700.</subfield></datafield><datafield tag="650" ind1=" " ind2="0"><subfield code="a">Arts, British</subfield><subfield code="x">History</subfield><subfield code="y">Early modern, 1500-1700.</subfield></datafield><datafield tag="650" ind1=" " ind2="0"><subfield code="a">Masculinity</subfield><subfield code="x">Social aspects</subfield><subfield code="x">History</subfield><subfield code="y">Early modern, 1500-1700.</subfield></datafield><datafield tag="650" ind1=" " ind2="0"><subfield code="a">Masculinity</subfield><subfield code="z">Italy</subfield><subfield code="x">History.</subfield></datafield><datafield tag="650" ind1=" " ind2="0"><subfield code="a">Masculinity</subfield><subfield code="z">England</subfield><subfield code="x">History.</subfield></datafield><datafield tag="650" ind1=" " ind2="6"><subfield code="a">Masculinité</subfield><subfield code="z">Italie</subfield><subfield code="x">Histoire.</subfield></datafield><datafield tag="650" ind1=" " ind2="6"><subfield code="a">Masculinité</subfield><subfield code="z">Angleterre</subfield><subfield code="x">Histoire.</subfield></datafield><datafield tag="650" ind1=" " ind2="6"><subfield code="a">Masculinité dans la littérature.</subfield></datafield><datafield tag="650" ind1=" " ind2="6"><subfield code="a">Masculinité dans l'art.</subfield></datafield><datafield tag="700" ind1="1" ind2=" "><subfield code="a">Eisenbichler, Konrad,</subfield><subfield code="e">editor.</subfield><subfield code="1">https://id.oclc.org/worldcat/entity/E39PBJjd8GYvxMHBkJDqYVTPwC</subfield></datafield><datafield tag="776" ind1="0" ind2="8"><subfield code="i">Online version:</subfield><subfield code="t">Masculinities and representation.</subfield><subfield code="d">Toronto ; Buffalo ; London : University of Toronto Press, 2024</subfield><subfield code="z">1487556993</subfield><subfield code="z">9781487556990</subfield><subfield code="w">(OCoLC)1430768351</subfield></datafield><datafield tag="902" ind1=" " ind2=" "><subfield code="a">000088300</subfield><subfield code="w">copy</subfield><subfield code="1">20250227082031.0</subfield></datafield><datafield tag="914" ind1=" " ind2=" "><subfield code="a">(OCoLC)on1424730228</subfield><subfield code="b">OCoLC</subfield><subfield code="c">match</subfield><subfield code="d">20250305</subfield><subfield code="e">processed</subfield><subfield code="f">1424730228</subfield></datafield><datafield tag="980" ind1=" " ind2=" "><subfield code="a">241231</subfield><subfield code="e">100.00</subfield><subfield code="f">337390</subfield></datafield><datafield tag="950" ind1=" " ind2=" "><subfield code="c">2025-03-06 03:26:03 US/Eastern</subfield><subfield code="b">2025-01-15 13:35:01 US/Eastern</subfield><subfield code="a">false</subfield></datafield><datafield tag="852" ind1="0" ind2=" "><subfield code="b">marquand</subfield><subfield code="c">pj</subfield><subfield code="h">N8222.M38</subfield><subfield code="i">M387 2024</subfield><subfield code="8">221040476090006421</subfield></datafield><datafield tag="952" ind1=" " ind2=" "><subfield code="d">2025-02-27 13:22:27</subfield><subfield code="8">221040476090006421</subfield><subfield code="a">2025-01-15 18:35:33</subfield><subfield code="b">Marquand Library</subfield><subfield code="c">rcppj: Marquand Remote Storage (ReCAP)</subfield><subfield code="e">false</subfield></datafield><datafield tag="876" ind1=" " ind2=" "><subfield code="0">221040476090006421</subfield><subfield code="a">231040476080006421</subfield><subfield code="j">1</subfield><subfield code="z">pj</subfield><subfield code="d">2025-01-15 13:35:33 US/Eastern</subfield><subfield code="p">32101112306053</subfield><subfield code="y">marquand</subfield></datafield></record>