<record><leader>02039nam a22003377i 4500</leader><controlfield tag="005">20241205102302.0</controlfield><controlfield tag="006">m#####o##d########</controlfield><controlfield tag="007">cr#mn######a#a</controlfield><controlfield tag="008">240828s1946    enk     o     000 0 eng u</controlfield><controlfield tag="001">99131340773906421</controlfield><datafield tag="035" ind1=" " ind2=" "><subfield code="a">(OCoLC)1477835667</subfield></datafield><datafield tag="035" ind1=" " ind2=" "><subfield code="a">(MiFhGG)HODI000525</subfield></datafield><datafield tag="040" ind1=" " ind2=" "><subfield code="a">MIGCL</subfield><subfield code="b">eng</subfield><subfield code="e">rda</subfield><subfield code="e">pn</subfield><subfield code="c">UtOrBLW</subfield></datafield><datafield tag="099" ind1=" " ind2=" "><subfield code="a">Electronic Resource</subfield></datafield><datafield tag="245" ind1="0" ind2="0"><subfield code="a">British book news.</subfield><subfield code="n">No. 69 :</subfield><subfield code="b">a monthly selection of recent books.</subfield></datafield><datafield tag="264" ind1=" " ind2="1"><subfield code="a">London :</subfield><subfield code="b">National Book League,</subfield><subfield code="c">1946.</subfield></datafield><datafield tag="300" ind1=" " ind2=" "><subfield code="a">1 online resource (pages 115-122).</subfield></datafield><datafield tag="336" ind1=" " ind2=" "><subfield code="a">text</subfield><subfield code="b">txt</subfield><subfield code="2">rdacontent</subfield></datafield><datafield tag="337" ind1=" " ind2=" "><subfield code="a">computer</subfield><subfield code="b">c</subfield><subfield code="2">rdamedia</subfield></datafield><datafield tag="338" ind1=" " ind2=" "><subfield code="a">online resource</subfield><subfield code="b">cr</subfield><subfield code="2">rdacarrier</subfield></datafield><datafield tag="347" ind1=" " ind2=" "><subfield code="a">data file</subfield><subfield code="2">rda</subfield></datafield><datafield tag="490" ind1="1" ind2=" "><subfield code="a">History of Disabilities: Disabilities in Society, Seventeenth to Twentieth Century</subfield></datafield><datafield tag="500" ind1=" " ind2=" "><subfield code="a">Reproduction of the original from the New York Academy of Medicine.</subfield></datafield><datafield tag="505" ind1="0" ind2=" "><subfield code="a">British surgical literature of the war years / by W. R. Le Fanu -- Talking books for the blind / by Donald G. Aldous.</subfield></datafield><datafield tag="520" ind1="4" ind2=" "><subfield code="a">The History of Disabilities program provides access to primary sources written using terminology that was in common use by the medical establishment and general society at the time, and describes diagnoses, methodologies, procedures, and treatments that may no longer be used or were debunked by later research. Users may come across words and expressions describing individuals and groups that they find condescending, upsetting, disconcerting, offensive, and not acceptable today.</subfield><subfield code="c">MiFhGG</subfield></datafield><datafield tag="650" ind1=" " ind2="0"><subfield code="a">Blind</subfield><subfield code="x">Books and reading.</subfield><subfield code="0">http://id.loc.gov/authorities/subjects/sh85014856</subfield></datafield><datafield tag="650" ind1=" " ind2="0"><subfield code="a">British literature.</subfield><subfield code="0">http://id.loc.gov/authorities/subjects/sh85016973</subfield></datafield><datafield tag="700" ind1="0" ind2="2"><subfield code="a">Aldous, Donald G.</subfield><subfield code="t">Talking books for the blind.</subfield></datafield><datafield tag="700" ind1="0" ind2="2"><subfield code="a">Le Fanu, W. R.</subfield><subfield code="q">(William Richard),</subfield><subfield code="d">1904-1995.</subfield><subfield code="t">British surgical literature of the war years.</subfield></datafield><datafield tag="830" ind1=" " ind2="0"><subfield code="a">History of Disabilities: Disabilities in Society, Seventeenth to Twentieth Century.</subfield></datafield><datafield tag="956" ind1="4" ind2="0"><subfield code="u">https://link.gale.com/apps/doc/VLWXGJ286712414/HODI?sid=gale_marc&amp;u=prin77918</subfield></datafield><datafield tag="950" ind1=" " ind2=" "><subfield code="c">2025-01-10 04:53:29 US/Eastern</subfield><subfield code="b">2025-01-09 15:21:49 US/Eastern</subfield><subfield code="a">false</subfield></datafield><datafield tag="951" ind1=" " ind2=" "><subfield code="v">2025-01-09 15:22:08 US/Eastern</subfield><subfield code="u">System</subfield><subfield code="t">2025-01-09 15:22:05 US/Eastern</subfield><subfield code="x">https://na05.alma.exlibrisgroup.com/view/uresolver/01PRI_INST/openurl?u.ignore_date_coverage=true&amp;portfolio_pid=531039483970006421&amp;Force_direct=true</subfield><subfield code="s">System</subfield><subfield code="0">531039483970006421</subfield><subfield code="w">2025-01-09 20:22:05</subfield><subfield code="f">false</subfield><subfield code="m">611035672640006421</subfield><subfield code="n">Disabilities in Society, 18th - 20th Century </subfield><subfield code="b">static</subfield><subfield code="q">POL-420233</subfield><subfield code="1">621035672630006421</subfield><subfield code="c">d?u.ignore_date_coverage=true&amp;rft.mms_id=99131340773906421</subfield><subfield code="a">Available</subfield><subfield code="e">BOOK</subfield><subfield code="8">531039483970006421</subfield></datafield></record>