<record><leader>01754nam a22003377i 4500</leader><controlfield tag="005">20241101085901.0</controlfield><controlfield tag="006">m#####o##d########</controlfield><controlfield tag="007">cr#mn######a#a</controlfield><controlfield tag="008">240512s1943    enka    o     000 0 eng u</controlfield><controlfield tag="001">99131318273206421</controlfield><datafield tag="035" ind1=" " ind2=" "><subfield code="a">(OCoLC)1465459813</subfield></datafield><datafield tag="035" ind1=" " ind2=" "><subfield code="a">(MiFhGG)POPC003783</subfield></datafield><datafield tag="040" ind1=" " ind2=" "><subfield code="a">MIGCL</subfield><subfield code="b">eng</subfield><subfield code="e">rda</subfield><subfield code="e">pn</subfield><subfield code="c">UtOrBLW</subfield></datafield><datafield tag="099" ind1=" " ind2=" "><subfield code="a">Electronic Resource</subfield></datafield><datafield tag="245" ind1="0" ind2="0"><subfield code="a">Review 43, a quarterly review of literature, art and science /</subfield><subfield code="c">edited by Walter Berger and Pavel Tigrid.</subfield></datafield><datafield tag="264" ind1=" " ind2="1"><subfield code="a">London :</subfield><subfield code="b">George Allen and Unwin, Limited,</subfield><subfield code="c">1943.</subfield></datafield><datafield tag="300" ind1=" " ind2=" "><subfield code="a">1 online resource (50 pages) :</subfield><subfield code="b">illustrations.</subfield></datafield><datafield tag="336" ind1=" " ind2=" "><subfield code="a">text</subfield><subfield code="b">txt</subfield><subfield code="2">rdacontent</subfield></datafield><datafield tag="337" ind1=" " ind2=" "><subfield code="a">computer</subfield><subfield code="b">c</subfield><subfield code="2">rdamedia</subfield></datafield><datafield tag="338" ind1=" " ind2=" "><subfield code="a">online resource</subfield><subfield code="b">cr</subfield><subfield code="2">rdacarrier</subfield></datafield><datafield tag="347" ind1=" " ind2=" "><subfield code="a">data file</subfield><subfield code="2">rda</subfield></datafield><datafield tag="490" ind1="1" ind2=" "><subfield code="a">Power to the People: Counterculture, Social Movements, and the Alternative Press, Nineteenth to Twenty-First Century</subfield></datafield><datafield tag="500" ind1=" " ind2=" "><subfield code="a">Reproduction of the original from the Senate House Library, University of London.</subfield></datafield><datafield tag="650" ind1=" " ind2="0"><subfield code="a">Art, British</subfield><subfield code="y">20th century.</subfield><subfield code="0">http://id.loc.gov/authorities/subjects/sh2003010015</subfield></datafield><datafield tag="650" ind1=" " ind2="0"><subfield code="a">Art, Czech</subfield><subfield code="y">20th century.</subfield><subfield code="0">http://id.loc.gov/authorities/subjects/sh2006002697</subfield></datafield><datafield tag="650" ind1=" " ind2="0"><subfield code="a">Czech literature</subfield><subfield code="y">20th century.</subfield><subfield code="0">http://id.loc.gov/authorities/subjects/sh85035277</subfield></datafield><datafield tag="650" ind1=" " ind2="0"><subfield code="a">Slovak literature</subfield><subfield code="y">20th century.</subfield><subfield code="0">http://id.loc.gov/authorities/subjects/sh85123481</subfield></datafield><datafield tag="700" ind1="1" ind2=" "><subfield code="a">Berger, Walter,</subfield><subfield code="e">editor.</subfield><subfield code="0">http://id.loc.gov/authorities/names/n86832702</subfield></datafield><datafield tag="700" ind1="1" ind2=" "><subfield code="a">Tigrid, Pavel,</subfield><subfield code="e">editor.</subfield><subfield code="0">http://id.loc.gov/authorities/names/n50011840</subfield></datafield><datafield tag="830" ind1=" " ind2="0"><subfield code="a">Power to the People: Counterculture, Social Movements, and the Alternative Press, Nineteenth to Twenty-First Century.</subfield></datafield><datafield tag="956" ind1="4" ind2="0"><subfield code="u">https://link.gale.com/apps/doc/LZUXKN913481424/POPC?sid=gale_marc&amp;u=prin77918</subfield></datafield><datafield tag="950" ind1=" " ind2=" "><subfield code="c">2024-11-27 04:48:46 US/Eastern</subfield><subfield code="b">2024-11-26 16:31:03 US/Eastern</subfield><subfield code="a">false</subfield></datafield><datafield tag="951" ind1=" " ind2=" "><subfield code="v">2024-11-26 16:31:20 US/Eastern</subfield><subfield code="u">System</subfield><subfield code="t">2024-11-26 16:31:14 US/Eastern</subfield><subfield code="x">https://na05.alma.exlibrisgroup.com/view/uresolver/01PRI_INST/openurl?u.ignore_date_coverage=true&amp;portfolio_pid=531036165230006421&amp;Force_direct=true</subfield><subfield code="s">System</subfield><subfield code="0">531036165230006421</subfield><subfield code="w">2024-11-26 21:31:14</subfield><subfield code="f">false</subfield><subfield code="m">611035672670006421</subfield><subfield code="n">Power to the People! Counterculture, Social Movements, &amp; Alternative Press, 1960-2015 </subfield><subfield code="b">static</subfield><subfield code="q">POL-420232</subfield><subfield code="1">621035672660006421</subfield><subfield code="c">d?u.ignore_date_coverage=true&amp;rft.mms_id=99131318273206421</subfield><subfield code="a">Available</subfield><subfield code="e">BOOK</subfield><subfield code="8">531036165230006421</subfield></datafield></record>