
    <record><leader>05448cas a2200817 a 4500</leader><controlfield tag="001">99131310858606421</controlfield><controlfield tag="005">20230920151715.0</controlfield><controlfield tag="006">m    |   d |      </controlfield><controlfield tag="007">cr||n||||||||n</controlfield><controlfield tag="008">961017d17821826enkfr p o ||| 0uuua0eng c</controlfield><datafield tag="035" ind1=" " ind2=" "><subfield code="a">(GALE)1690600101</subfield></datafield><datafield tag="035" ind1=" " ind2=" "><subfield code="a">(Uk-ES)006072413</subfield></datafield><datafield tag="035" ind1=" " ind2=" "><subfield code="a">(OCoLC)609596821</subfield></datafield><datafield tag="035" ind1=" " ind2=" "><subfield code="a">(CU-RivES)P1934</subfield></datafield><datafield tag="035" ind1=" " ind2=" "><subfield code="a">(EXLCZ)994920000002895587</subfield></datafield><datafield tag="040" ind1=" " ind2=" "><subfield code="a">CU-RivES</subfield><subfield code="c">CU-RivES</subfield><subfield code="d">Cengage Gale</subfield><subfield code="e">dcrb</subfield></datafield><datafield tag="130" ind1="0" ind2=" "><subfield code="a">European magazine, and London review (London, England : 1782 : Semiannual).</subfield></datafield><datafield tag="245" ind1="1" ind2="4"><subfield code="a">The European magazine, and London review</subfield><subfield code="h">[electronic resource] :</subfield><subfield code="b">containing the literature, history, politics, arts, manners and amusements of the age. By the Philological Society of London.</subfield></datafield><datafield tag="246" ind1=" " ind2=" "><subfield code="a">European magazine, and London review </subfield></datafield><datafield tag="260" ind1=" " ind2=" "><subfield code="a">London [England] :</subfield><subfield code="b">printed for John Fielding No. 23, Pater Noster Row; John Debrett, opposite Burlington House, Piccadilly; and John Sewell, No. 32, Cornhill,</subfield><subfield code="c">[1782]-1826.</subfield></datafield><datafield tag="300" ind1=" " ind2=" "><subfield code="a">1 online resource (87 v., plates ) </subfield><subfield code="b">ill., ports., maps, tables</subfield></datafield><datafield tag="310" ind1=" " ind2=" "><subfield code="a">Semiannual (Cumulative)</subfield></datafield><datafield tag="362" ind1="0" ind2=" "><subfield code="a">Vol. I. for 1782.-Vol. 87. (December, 1824, to July, 1825.); New Series. Volume I. (August 1825, to January 1826)-[n.s. v. 2. (Jan.-June 1826)].</subfield></datafield><datafield tag="510" ind1="4" ind2=" "><subfield code="a">NCBEL,</subfield><subfield code="c">II:1287-1290</subfield></datafield><datafield tag="510" ind1="4" ind2=" "><subfield code="a">NCBEL,</subfield><subfield code="c">II:1306</subfield></datafield><datafield tag="510" ind1="4" ind2=" "><subfield code="a">Times handlist,</subfield><subfield code="c">p. 45</subfield></datafield><datafield tag="510" ind1="4" ind2=" "><subfield code="a">DNB (1909 ed.),</subfield><subfield code="c">XV:918-919</subfield></datafield><datafield tag="510" ind1="4" ind2=" "><subfield code="a">Ward, W. S. Index of serials,</subfield><subfield code="c">p. 55</subfield></datafield><datafield tag="510" ind1="4" ind2=" "><subfield code="a">Crane &amp; Kaye,</subfield><subfield code="c">218</subfield></datafield><datafield tag="510" ind1="4" ind2=" "><subfield code="a">English Short Title Catalog,</subfield><subfield code="c">P1934.</subfield></datafield><datafield tag="555" ind1=" " ind2=" "><subfield code="a">Each volume includes index; plates (v. 1-29) indexed in v. 29.</subfield></datafield><datafield tag="515" ind1=" " ind2=" "><subfield code="a">Monthly issues have chronological designation only.</subfield></datafield><datafield tag="515" ind1=" " ind2=" "><subfield code="a">Collected semiannually; month of publication somewhat irregular.</subfield></datafield><datafield tag="515" ind1=" " ind2=" "><subfield code="a">Volumes lack issues for July-August 1825 (not published); v. 2 of the new series begins with Jan. 1826 issue.</subfield></datafield><datafield tag="580" ind1=" " ind2=" "><subfield code="a">Collects monthly issues of: The European magazine and London review (Jan. 1782-Nov. 1787) and The European magazine (Dec. 1787-June 1826).</subfield></datafield><datafield tag="500" ind1=" " ind2=" "><subfield code="a">Begun and originally edited by James Perry (cf. DNB).</subfield></datafield><datafield tag="500" ind1=" " ind2=" "><subfield code="a">Volumes 1-50 published by the Philological Society.</subfield></datafield><datafield tag="500" ind1=" " ind2=" "><subfield code="a">Title pages are engraved in v. 1-&lt;v. 38&gt;.</subfield></datafield><datafield tag="500" ind1=" " ind2=" "><subfield code="a">Monthly issue title pages include lists of contents and engravings, with other current information for the month on verso.</subfield></datafield><datafield tag="500" ind1=" " ind2=" "><subfield code="a">Title repeated as caption title at head of first page of text.</subfield></datafield><datafield tag="500" ind1=" " ind2=" "><subfield code="a">Subtitles vary after 1800.</subfield></datafield><datafield tag="500" ind1=" " ind2=" "><subfield code="a">Imprint varies; later numbers include J[ohn]. Sewell and James Asperne, publishers; other imprint names include Scatcherd and Whitaker, and Bunney &amp; Gold.</subfield></datafield><datafield tag="500" ind1=" " ind2=" "><subfield code="a">Includes 16 essays entitled "Man of the town" (Jan. 1782-Dec. 1783); 2 essays entitled "The Dabbler" (June-July 1782); 7 essays entitled "The Country curate (Sept. 1782-June 1783); 2 essays entitled "The Mental counsellor" (Mar., June 1783); 2 essays entitled "The Occasional and miscellaneous critic" ( Aug. 1783, Jan. 1784); 27 essays entitled "The Peeper" (Sept. 1788-Dec. 1791); 13 essays entitled "The Heteroclite" (Oct. 1788-Apr. 1791); 18 essays entitled "The Wanderer" (Apr. 1798-Oct. 1799); 8 essays entitled "The Moralizer" (Mar. 1799-Apr. 1800); and 22, "Essays after the manner of Goldsmith" by G. Brewer (Nov. 1800-Dec. 1802). Some issues include reprinted material from the London Gazette.</subfield></datafield><datafield tag="500" ind1=" " ind2=" "><subfield code="a">A general cultural magazine, including essays on a wide range of topics including theatrical performances, travel, natural history, biography, law, history and literature; includes book reviews, booksellers' announcements, obituaries, marriage announcements, stock prices, bankrupts.</subfield></datafield><datafield tag="500" ind1=" " ind2=" "><subfield code="a">Reproduction of original from Bodleian Library (Oxford).</subfield></datafield><datafield tag="525" ind1=" " ind2=" "><subfield code="a">With occasional supplements.</subfield></datafield><datafield tag="509" ind1=" " ind2=" "><subfield code="a">Volumes in the English Literary Periodicals series microfilmed from originals in the Cambridge University Library (1782-1826); some issues stained.</subfield></datafield><datafield tag="509" ind1=" " ind2=" "><subfield code="a">Vols. in the Early English Newspapers series microfilmed at the Bodleian Library, Oxford.</subfield></datafield><datafield tag="509" ind1=" " ind2=" "><subfield code="a">Vols. in the English Literary Periodicals series microfilmed at Cambridge University Library.</subfield></datafield><datafield tag="650" ind1=" " ind2="0"><subfield code="a">British literature</subfield><subfield code="x">History</subfield><subfield code="y">18th century</subfield><subfield code="v">Periodicals</subfield><subfield code="v">Early works to 1800.</subfield></datafield><datafield tag="651" ind1=" " ind2="0"><subfield code="a">Great Britain</subfield><subfield code="x">Civilization</subfield><subfield code="y">18th century</subfield><subfield code="v">Periodicals</subfield><subfield code="v">Early works to 1800.</subfield></datafield><datafield tag="651" ind1=" " ind2="0"><subfield code="a">Great Britain</subfield><subfield code="x">Social life and customs</subfield><subfield code="y">18th century</subfield><subfield code="v">Periodicals</subfield><subfield code="v">Early works to 1800.</subfield></datafield><datafield tag="655" ind1=" " ind2="7"><subfield code="a">Periodicals</subfield><subfield code="z">England</subfield><subfield code="y">18th century.</subfield><subfield code="2">rbgenr</subfield></datafield><datafield tag="655" ind1=" " ind2="7"><subfield code="a">Essays</subfield><subfield code="z">Great Britain</subfield><subfield code="y">18th century.</subfield><subfield code="2">rbgenr</subfield></datafield><datafield tag="752" ind1=" " ind2=" "><subfield code="a">Great Britain</subfield><subfield code="b">England</subfield><subfield code="d">London.</subfield></datafield><datafield tag="710" ind1="2" ind2=" "><subfield code="a">Philological Society (Great Britain),</subfield><subfield code="e">publisher.</subfield></datafield><datafield tag="740" ind1="0" ind2="2"><subfield code="a">London review and Literary journal.</subfield></datafield><datafield tag="740" ind1="0" ind2="2"><subfield code="a">Man of the town,</subfield><subfield code="n">No. 1-16.</subfield></datafield><datafield tag="740" ind1="0" ind2="2"><subfield code="a">Dabbler,</subfield><subfield code="n">No. 1-2.</subfield></datafield><datafield tag="740" ind1="0" ind2="2"><subfield code="a">Country curate,</subfield><subfield code="n">No. 1-7.</subfield></datafield><datafield tag="740" ind1="0" ind2="2"><subfield code="a">Mental counsellor,</subfield><subfield code="n">No. 1-2.</subfield></datafield><datafield tag="740" ind1="0" ind2="2"><subfield code="a">Occasional and miscellaneous critic,</subfield><subfield code="n">No. 1-2.</subfield></datafield><datafield tag="740" ind1="0" ind2="2"><subfield code="a">Peeper,</subfield><subfield code="n">No. 1-27.</subfield></datafield><datafield tag="740" ind1="0" ind2="2"><subfield code="a">Heteroclite,</subfield><subfield code="n">No. 1-13.</subfield></datafield><datafield tag="740" ind1="0" ind2="2"><subfield code="a">Wanderer,</subfield><subfield code="n">No. 1-18.</subfield></datafield><datafield tag="740" ind1="0" ind2="2"><subfield code="a">Moralizer,</subfield><subfield code="n">No. 1-8.</subfield></datafield><datafield tag="785" ind1="0" ind2="4"><subfield code="t">Monthly magazine, or, British register</subfield></datafield><datafield tag="787" ind1="1" ind2=" "><subfield code="t">European magazine, and London review (London, England : 1782 : Montthly)</subfield></datafield><datafield tag="787" ind1="1" ind2=" "><subfield code="t">European magazine</subfield></datafield><datafield tag="700" ind1="1" ind2=" "><subfield code="a">Perry, James,</subfield><subfield code="d">1756-1821,</subfield><subfield code="e">ed.</subfield></datafield><datafield tag="700" ind1="1" ind2=" "><subfield code="a">Brewer, George.</subfield><subfield code="t">Essays after the manner of Goldsmith,</subfield><subfield code="n">No. 1-22.</subfield><subfield code="4">aut</subfield></datafield><datafield tag="906" ind1=" " ind2=" "><subfield code="a">JOURNAL</subfield></datafield><datafield tag="950" ind1=" " ind2=" "><subfield code="c">2024-11-18 14:46:46 US/Eastern</subfield><subfield code="b">2023-06-08 07:06:15 US/Eastern</subfield><subfield code="a">false</subfield></datafield><datafield tag="951" ind1=" " ind2=" "><subfield code="v">2025-01-06 03:41:04 US/Eastern</subfield><subfield code="g">Gale</subfield><subfield code="u">System</subfield><subfield code="t">2024-11-18 14:46:46 US/Eastern</subfield><subfield code="x">https://na05.alma.exlibrisgroup.com/view/uresolver/01PRI_INST/openurl?u.ignore_date_coverage=true&amp;portfolio_pid=531034423940006421&amp;Force_direct=true</subfield><subfield code="s">System</subfield><subfield code="0">531034423940006421</subfield><subfield code="w">2024-11-18 19:46:46</subfield><subfield code="k"> Available from 1782 until 1826.</subfield><subfield code="f">true</subfield><subfield code="m">611033529220006421</subfield><subfield code="n">Gale Eighteenth Century Collections Online II</subfield><subfield code="b">param</subfield><subfield code="1">621033529210006421</subfield><subfield code="c">d?u.ignore_date_coverage=true&amp;rft.mms_id=99131310858606421</subfield><subfield code="a">Available</subfield><subfield code="l">613360000000000003</subfield><subfield code="e">DOCUMENT</subfield><subfield code="8">531034423940006421</subfield></datafield><datafield tag="953" ind1=" " ind2=" "><subfield code="a">531034423940006421</subfield><subfield code="b">1782</subfield><subfield code="c">1826</subfield><subfield code="d">1</subfield><subfield code="e">12</subfield><subfield code="f">1</subfield><subfield code="g">31</subfield></datafield></record>