<record><leader>02687cam a2200493 i 4500</leader><controlfield tag="005">20241024040817.0</controlfield><controlfield tag="008">240202s2024    enka          000 e eng d</controlfield><controlfield tag="001">99131263443606421</controlfield><datafield tag="020" ind1=" " ind2=" "><subfield code="a">1913867943</subfield></datafield><datafield tag="020" ind1=" " ind2=" "><subfield code="a">9781913867942</subfield><subfield code="q">paperback</subfield></datafield><datafield tag="035" ind1=" " ind2=" "><subfield code="a">(OCoLC)on1419680914</subfield></datafield><datafield tag="040" ind1=" " ind2=" "><subfield code="a">YDX</subfield><subfield code="b">eng</subfield><subfield code="e">rda</subfield><subfield code="c">YDX</subfield><subfield code="d">YDX</subfield><subfield code="d">OCLCO</subfield><subfield code="d">YDX</subfield></datafield><datafield tag="050" ind1=" " ind2="4"><subfield code="a">PQ7083</subfield><subfield code="b">.E9713 2024</subfield></datafield><datafield tag="082" ind1="0" ind2="4"><subfield code="a">860.8098</subfield><subfield code="2">23/eng/20240825</subfield></datafield><datafield tag="130" ind1="0" ind2=" "><subfield code="a">Exploradores, soñadores y ladrones.</subfield><subfield code="l">English</subfield></datafield><datafield tag="245" ind1="1" ind2="0"><subfield code="a">Explorers, dreamers and thieves :</subfield><subfield code="b">writers in the archives in the British Museum /</subfield><subfield code="c">Selva Almada, Rita Indiana, Josefa Sánchez Contreras, Philippe Sands, Juan Gabriel Vásquez, Gabriela Wiener ; translated by Anne McLean, Robin Myers [and three others].</subfield></datafield><datafield tag="264" ind1=" " ind2="1"><subfield code="a">Edinburgh :</subfield><subfield code="b">Charco Press,</subfield><subfield code="c">2024.</subfield></datafield><datafield tag="300" ind1=" " ind2=" "><subfield code="a">125 pages :</subfield><subfield code="b">illustrations ;</subfield><subfield code="c">20 cm.</subfield></datafield><datafield tag="336" ind1=" " ind2=" "><subfield code="a">text</subfield><subfield code="b">txt</subfield><subfield code="2">rdacontent</subfield></datafield><datafield tag="337" ind1=" " ind2=" "><subfield code="a">unmediated</subfield><subfield code="b">n</subfield><subfield code="2">rdamedia</subfield></datafield><datafield tag="338" ind1=" " ind2=" "><subfield code="a">volume</subfield><subfield code="b">nc</subfield><subfield code="2">rdacarrier</subfield></datafield><datafield tag="490" ind1="0" ind2=" "><subfield code="a">Charco essays</subfield></datafield><datafield tag="500" ind1=" " ind2=" "><subfield code="a">Originally published in Spanish in 2023.</subfield></datafield><datafield tag="610" ind1="2" ind2="0"><subfield code="a">British Museum</subfield><subfield code="v">Essays.</subfield></datafield><datafield tag="650" ind1=" " ind2="0"><subfield code="a">Museum objects</subfield><subfield code="v">Poetry.</subfield></datafield><datafield tag="650" ind1=" " ind2="0"><subfield code="a">Latin American literature.</subfield></datafield><datafield tag="650" ind1=" " ind2="6"><subfield code="a">Objets exposés</subfield><subfield code="v">Poésie.</subfield></datafield><datafield tag="650" ind1=" " ind2="6"><subfield code="a">Littérature latino-américaine.</subfield></datafield><datafield tag="700" ind1="1" ind2=" "><subfield code="a">Almada, Selva,</subfield><subfield code="d">1973-</subfield><subfield code="e">contributor.</subfield><subfield code="1">https://id.oclc.org/worldcat/entity/E39PBJwMDb3KBbmJ84XqBmbw4q</subfield></datafield><datafield tag="700" ind1="1" ind2=" "><subfield code="a">Hernández, Rita Indiana,</subfield><subfield code="d">1977-</subfield><subfield code="e">contributor.</subfield><subfield code="1">https://id.oclc.org/worldcat/entity/E39PBJktkgC3Ybj8fxJTGh9FKd</subfield></datafield><datafield tag="700" ind1="1" ind2=" "><subfield code="a">Sánchez Contreras, Josefa,</subfield><subfield code="e">contributor.</subfield></datafield><datafield tag="700" ind1="1" ind2=" "><subfield code="a">Sands, Philippe,</subfield><subfield code="d">1960-</subfield><subfield code="e">contributor.</subfield><subfield code="1">https://id.oclc.org/worldcat/entity/E39PBJj4qXPQrDwqhJFWTfCfbd</subfield></datafield><datafield tag="700" ind1="1" ind2=" "><subfield code="a">Fuentes La Roche, Cristina,</subfield><subfield code="e">editor.</subfield><subfield code="1">https://id.oclc.org/worldcat/entity/E39PCjDyfWM97j3hd7TBtqQwmd</subfield></datafield><datafield tag="700" ind1="1" ind2=" "><subfield code="a">Sunnucks, Laura Osorio,</subfield><subfield code="e">editor.</subfield><subfield code="1">https://id.oclc.org/worldcat/entity/E39PCjBG4JwcDHTPDPy997JJjC</subfield></datafield><datafield tag="700" ind1="1" ind2=" "><subfield code="a">Restrepo Pombo, Felipe,</subfield><subfield code="e">editor.</subfield><subfield code="1">https://id.oclc.org/worldcat/entity/E39PCjv7r4YQCCg4jv9x3v8qcd</subfield></datafield><datafield tag="700" ind1="1" ind2=" "><subfield code="a">McLean, Anne,</subfield><subfield code="e">translator.</subfield><subfield code="1">https://id.oclc.org/worldcat/entity/E39PCjDfqWtxTVtF6WQjy9HRyq</subfield></datafield><datafield tag="700" ind1="1" ind2=" "><subfield code="a">Myers, Robin,</subfield><subfield code="e">translator.</subfield><subfield code="1">https://id.oclc.org/worldcat/entity/E39PCjtDjFKCy8Cy6JF3vWRvpd</subfield></datafield><datafield tag="710" ind1="2" ind2=" "><subfield code="a">British Museum.</subfield></datafield><datafield tag="711" ind1="2" ind2=" "><subfield code="a">Hay Festival.</subfield></datafield><datafield tag="776" ind1="0" ind2="8"><subfield code="i">Electronic version:</subfield><subfield code="t">Explorers, Dreamers and Thieves.</subfield><subfield code="d">Edinburgh : Charco Press, 2024</subfield><subfield code="z">9781913867959</subfield><subfield code="w">(OCoLC)1428263344</subfield></datafield><datafield tag="910" ind1=" " ind2=" "><subfield code="c">G0601mon</subfield><subfield code="d">3110-07</subfield><subfield code="g">YBP</subfield><subfield code="h">187439</subfield></datafield><datafield tag="914" ind1=" " ind2=" "><subfield code="a">(OCoLC)on1419680914</subfield><subfield code="b">OCoLC</subfield><subfield code="c">match</subfield><subfield code="d">20241023</subfield><subfield code="e">processed</subfield><subfield code="f">1419680914</subfield></datafield><datafield tag="980" ind1=" " ind2=" "><subfield code="a">20680278</subfield><subfield code="f">187439</subfield><subfield code="i">16.95</subfield><subfield code="j">13.90</subfield><subfield code="n">40032420206</subfield></datafield><datafield tag="982" ind1=" " ind2=" "><subfield code="c">f</subfield><subfield code="q">32101114594227</subfield></datafield><datafield tag="950" ind1=" " ind2=" "><subfield code="c">2025-01-13 04:08:47 US/Eastern</subfield><subfield code="b">2024-10-01 09:04:27 US/Eastern</subfield><subfield code="a">false</subfield></datafield><datafield tag="852" ind1="0" ind2=" "><subfield code="b">firestone</subfield><subfield code="c">stacks</subfield><subfield code="h">PQ7083</subfield><subfield code="i">.E9713 2024</subfield><subfield code="8">221030214430006421</subfield></datafield><datafield tag="952" ind1=" " ind2=" "><subfield code="d">2024-10-01 13:05:44</subfield><subfield code="8">221030214430006421</subfield><subfield code="a">2024-10-01 13:05:44</subfield><subfield code="b">Firestone Library</subfield><subfield code="c">stacks: Firestone Library</subfield><subfield code="e">false</subfield></datafield><datafield tag="876" ind1=" " ind2=" "><subfield code="0">221030214430006421</subfield><subfield code="a">231030214420006421</subfield><subfield code="j">1</subfield><subfield code="z">stacks</subfield><subfield code="d">2024-10-01 09:05:45 US/Eastern</subfield><subfield code="p">32101114594227</subfield><subfield code="y">firestone</subfield></datafield></record>