<record><leader>03392cam a2200685Ma 4500</leader><controlfield tag="005">20240905040834.0</controlfield><controlfield tag="008">981124s1988    gw afh   b    001 0 ger d</controlfield><controlfield tag="001">99131210559006421</controlfield><datafield tag="020" ind1=" " ind2=" "><subfield code="a">3458145893</subfield></datafield><datafield tag="020" ind1=" " ind2=" "><subfield code="a">9783458145899</subfield></datafield><datafield tag="035" ind1=" " ind2=" "><subfield code="a">(OCoLC)ocm43007524</subfield></datafield><datafield tag="040" ind1=" " ind2=" "><subfield code="a">IdNN</subfield><subfield code="b">eng</subfield><subfield code="c">N#Z</subfield><subfield code="d">OCL</subfield><subfield code="d">OCLCG</subfield><subfield code="d">GBVCP</subfield><subfield code="d">HEBIS</subfield><subfield code="d">DEBBG</subfield><subfield code="d">OCLCQ</subfield><subfield code="d">OCLCO</subfield><subfield code="d">OCLCA</subfield><subfield code="d">OCLCF</subfield><subfield code="d">OCLCQ</subfield><subfield code="d">OCLCO</subfield><subfield code="d">OCL</subfield><subfield code="d">OCLCQ</subfield><subfield code="d">OCL</subfield><subfield code="d">OCLCO</subfield><subfield code="d">OCLCQ</subfield><subfield code="d">OCLCL</subfield></datafield><datafield tag="041" ind1="1" ind2=" "><subfield code="a">ger</subfield><subfield code="h">eng</subfield></datafield><datafield tag="043" ind1=" " ind2=" "><subfield code="a">e-fr---</subfield><subfield code="a">n-us---</subfield><subfield code="a">e-uk---</subfield></datafield><datafield tag="050" ind1=" " ind2="4"><subfield code="a">Z305.B33</subfield><subfield code="b">F57 1988</subfield></datafield><datafield tag="082" ind1="0" ind2="4"><subfield code="a">070.50944</subfield><subfield code="q">OCoLC</subfield></datafield><datafield tag="084" ind1=" " ind2=" "><subfield code="a">HM 1024</subfield><subfield code="2">rvk</subfield></datafield><datafield tag="084" ind1=" " ind2=" "><subfield code="a">52</subfield><subfield code="2">sdnb</subfield></datafield><datafield tag="084" ind1=" " ind2=" "><subfield code="a">ALLG 745 BEA</subfield><subfield code="2">sfb</subfield></datafield><datafield tag="100" ind1="1" ind2=" "><subfield code="a">Fitch, Noel Riley.</subfield></datafield><datafield tag="240" ind1="1" ind2="0"><subfield code="a">Sylvia Beach and the lost generation</subfield></datafield><datafield tag="245" ind1="1" ind2="0"><subfield code="a">Sylvia Beach :</subfield><subfield code="b">Eine Biographie im literarischen Paris 1920-1940 /</subfield><subfield code="c">Noel R. Fitch ; Aus dem Amerikanischen von Angelika Schleindl Insel.</subfield></datafield><datafield tag="260" ind1=" " ind2=" "><subfield code="a">Nordlingen :</subfield><subfield code="b">Wagner,</subfield><subfield code="c">1988.</subfield></datafield><datafield tag="300" ind1=" " ind2=" "><subfield code="a">492, [1] pages, 24 unnumbered pages of plates :</subfield><subfield code="b">illustrations, facsimiles ;</subfield><subfield code="c">20 cm</subfield></datafield><datafield tag="336" ind1=" " ind2=" "><subfield code="a">text</subfield><subfield code="b">txt</subfield><subfield code="2">rdacontent</subfield></datafield><datafield tag="337" ind1=" " ind2=" "><subfield code="a">unmediated</subfield><subfield code="b">n</subfield><subfield code="2">rdamedia</subfield></datafield><datafield tag="338" ind1=" " ind2=" "><subfield code="a">volume</subfield><subfield code="b">nc</subfield><subfield code="2">rdacarrier</subfield></datafield><datafield tag="504" ind1=" " ind2=" "><subfield code="a">Bibliography (pages 443-483).</subfield></datafield><datafield tag="500" ind1=" " ind2=" "><subfield code="a">Includes index.</subfield></datafield><datafield tag="500" ind1=" " ind2=" "><subfield code="a">Translation of: Sylvia Beach and the lost generation.</subfield></datafield><datafield tag="600" ind1="1" ind2="0"><subfield code="a">Beach, Sylvia.</subfield></datafield><datafield tag="650" ind1=" " ind2="0"><subfield code="a">Booksellers and bookselling</subfield><subfield code="z">France</subfield><subfield code="z">Paris</subfield><subfield code="v">Biography.</subfield></datafield><datafield tag="651" ind1=" " ind2="0"><subfield code="a">Paris (France)</subfield><subfield code="x">Intellectual life</subfield><subfield code="y">20th century.</subfield></datafield><datafield tag="650" ind1=" " ind2="0"><subfield code="a">Americans</subfield><subfield code="z">France</subfield><subfield code="z">Paris</subfield><subfield code="x">History</subfield><subfield code="y">20th century.</subfield></datafield><datafield tag="650" ind1=" " ind2="0"><subfield code="a">British</subfield><subfield code="z">France</subfield><subfield code="z">Paris</subfield><subfield code="x">History</subfield><subfield code="y">20th century.</subfield></datafield><datafield tag="650" ind1=" " ind2="0"><subfield code="a">Literature publishing</subfield><subfield code="z">France</subfield><subfield code="z">Paris</subfield><subfield code="x">History</subfield><subfield code="y">20th century.</subfield></datafield><datafield tag="650" ind1=" " ind2="0"><subfield code="a">Literary landmarks</subfield><subfield code="z">France</subfield><subfield code="z">Paris</subfield><subfield code="x">History</subfield><subfield code="y">20th century.</subfield></datafield><datafield tag="600" ind1="1" ind2="0"><subfield code="a">Joyce, James,</subfield><subfield code="d">1882-1941.</subfield></datafield><datafield tag="600" ind1="1" ind2="1"><subfield code="a">Beach</subfield><subfield code="b">Sylvia</subfield><subfield code="v">Biographie 1920-1940.</subfield></datafield><datafield tag="651" ind1=" " ind2="6"><subfield code="a">Paris (France)</subfield><subfield code="x">Vie intellectuelle</subfield><subfield code="y">20e siècle.</subfield></datafield><datafield tag="650" ind1=" " ind2="6"><subfield code="a">Britanniques</subfield><subfield code="z">France</subfield><subfield code="z">Paris</subfield><subfield code="x">Histoire</subfield><subfield code="y">20e siècle.</subfield></datafield><datafield tag="650" ind1=" " ind2="6"><subfield code="a">Littérature</subfield><subfield code="x">Édition</subfield><subfield code="z">France</subfield><subfield code="z">Paris</subfield><subfield code="x">Histoire</subfield><subfield code="y">20e siècle.</subfield></datafield><datafield tag="650" ind1=" " ind2="6"><subfield code="a">Écrivains</subfield><subfield code="x">Résidences et lieux familiers</subfield><subfield code="z">France</subfield><subfield code="z">Paris</subfield><subfield code="x">Histoire</subfield><subfield code="y">20e siècle.</subfield></datafield><datafield tag="600" ind1="1" ind2="7"><subfield code="a">Beach, Sylvia</subfield><subfield code="2">fast</subfield><subfield code="0">(OCoLC)fst00044498</subfield><subfield code="1">https://id.oclc.org/worldcat/entity/E39PBJgH7gjGjx7dpV8trt48YP</subfield></datafield><datafield tag="600" ind1="1" ind2="7"><subfield code="a">Joyce, James,</subfield><subfield code="d">1882-1941</subfield><subfield code="2">fast</subfield><subfield code="0">(OCoLC)fst00035968</subfield><subfield code="1">https://id.oclc.org/worldcat/entity/E39PBJcGrYrqpkRpQrMfc4bjmd</subfield></datafield><datafield tag="650" ind1=" " ind2="7"><subfield code="a">Americans.</subfield><subfield code="2">fast</subfield><subfield code="0">(OCoLC)fst00807488</subfield></datafield><datafield tag="650" ind1=" " ind2="7"><subfield code="a">Booksellers and bookselling.</subfield><subfield code="2">fast</subfield><subfield code="0">(OCoLC)fst00836492</subfield></datafield><datafield tag="650" ind1=" " ind2="7"><subfield code="a">British.</subfield><subfield code="2">fast</subfield><subfield code="0">(OCoLC)fst00839044</subfield></datafield><datafield tag="650" ind1=" " ind2="7"><subfield code="a">Intellectual life.</subfield><subfield code="2">fast</subfield><subfield code="0">(OCoLC)fst00975769</subfield></datafield><datafield tag="650" ind1=" " ind2="7"><subfield code="a">Literary landmarks.</subfield><subfield code="2">fast</subfield><subfield code="0">(OCoLC)fst00999933</subfield></datafield><datafield tag="650" ind1=" " ind2="7"><subfield code="a">Literature publishing.</subfield><subfield code="2">fast</subfield><subfield code="0">(OCoLC)fst01000111</subfield></datafield><datafield tag="651" ind1=" " ind2="7"><subfield code="a">France</subfield><subfield code="z">Paris</subfield><subfield code="2">fast</subfield><subfield code="0">(OCoLC)fst01205283</subfield><subfield code="1">https://id.oclc.org/worldcat/entity/E39QbtfRkKTXcHQJ477vgbjTxc</subfield></datafield><datafield tag="600" ind1="1" ind2="7"><subfield code="a">Beach, Sylvia.</subfield><subfield code="2">swd</subfield></datafield><datafield tag="648" ind1=" " ind2="7"><subfield code="a">1900-1999</subfield><subfield code="2">fast</subfield></datafield><datafield tag="655" ind1=" " ind2="7"><subfield code="a">Biographies.</subfield><subfield code="2">fast</subfield><subfield code="0">(OCoLC)fst01919896</subfield></datafield><datafield tag="655" ind1=" " ind2="7"><subfield code="a">History.</subfield><subfield code="2">fast</subfield><subfield code="0">(OCoLC)fst01411628</subfield></datafield><datafield tag="700" ind1="1" ind2=" "><subfield code="a">Insel, Angelika Scheindl.</subfield></datafield><datafield tag="758" ind1=" " ind2=" "><subfield code="i">has work:</subfield><subfield code="a">Sylvia Beach (Text)</subfield><subfield code="1">https://id.oclc.org/worldcat/entity/E39PCGR8wGDWgJcxVtbh8dXHVK</subfield><subfield code="4">https://id.oclc.org/worldcat/ontology/hasWork</subfield></datafield><datafield tag="902" ind1=" " ind2=" "><subfield code="a">940001028</subfield><subfield code="w">copy</subfield><subfield code="1">20240827103558.0</subfield></datafield><datafield tag="914" ind1=" " ind2=" "><subfield code="a">(OCoLC)ocm43007524</subfield><subfield code="b">OCoLC</subfield><subfield code="c">match</subfield><subfield code="d">20240904</subfield><subfield code="e">processed</subfield><subfield code="f">43007524</subfield></datafield><datafield tag="950" ind1=" " ind2=" "><subfield code="c">2025-01-03 04:21:41 US/Eastern</subfield><subfield code="b">2024-08-27 10:36:13 US/Eastern</subfield><subfield code="a">false</subfield></datafield><datafield tag="852" ind1="0" ind2=" "><subfield code="b">recap</subfield><subfield code="c">pa</subfield><subfield code="h">Z305.B33</subfield><subfield code="i">F57 1988</subfield><subfield code="8">221026131510006421</subfield></datafield><datafield tag="952" ind1=" " ind2=" "><subfield code="d">2024-08-27 14:36:31</subfield><subfield code="8">221026131510006421</subfield><subfield code="a">2024-08-27 14:36:31</subfield><subfield code="b">ReCAP</subfield><subfield code="c">rcppa: RECAP</subfield><subfield code="e">false</subfield></datafield><datafield tag="876" ind1=" " ind2=" "><subfield code="0">221026131510006421</subfield><subfield code="a">231026131490006421</subfield><subfield code="j">1</subfield><subfield code="z">pa</subfield><subfield code="d">2024-08-27 10:36:46 US/Eastern</subfield><subfield code="p">32101115051466</subfield><subfield code="y">recap</subfield></datafield></record>