<record><leader>01701nam  2200337 i 4500</leader><controlfield tag="001">99131184515206421</controlfield><controlfield tag="005">20140305140149.9</controlfield><controlfield tag="007">cr bn ---uuuuu</controlfield><controlfield tag="008">121122s1830    enk    jo     000 0 eng d</controlfield><datafield tag="035" ind1=" " ind2=" "><subfield code="a">(UkMbAM-D)AC008799</subfield></datafield><datafield tag="035" ind1=" " ind2=" "><subfield code="a">(CKB)5490000000590886</subfield></datafield><datafield tag="035" ind1=" " ind2=" "><subfield code="a">(EXLCZ)995490000000590886</subfield></datafield><datafield tag="040" ind1=" " ind2=" "><subfield code="a">UkMbAM-D</subfield><subfield code="b">eng</subfield><subfield code="e">rda</subfield><subfield code="c">UkMbAM-D</subfield></datafield><datafield tag="043" ind1=" " ind2=" "><subfield code="a">nw-----</subfield><subfield code="a">e-uk---</subfield></datafield><datafield tag="099" ind1=" " ind2=" "><subfield code="a">E441A58_v71_n8</subfield></datafield><datafield tag="100" ind1="0" ind2=" "><subfield code="a">Old friend to the young,</subfield><subfield code="e">author</subfield></datafield><datafield tag="245" ind1="1" ind2="4"><subfield code="a">The history of the black slaves :</subfield><subfield code="b">being an affectionate address to the children of Great Britain, of all ranks and denominations /</subfield><subfield code="c">by an old friend to the young.</subfield></datafield><datafield tag="264" ind1=" " ind2="1"><subfield code="a">Leicester :</subfield><subfield code="b">Printed and sold by A. Cockshaw ...,</subfield><subfield code="c">[1830?]</subfield></datafield><datafield tag="300" ind1=" " ind2=" "><subfield code="a">1 online resource (8 pages)</subfield></datafield><datafield tag="336" ind1=" " ind2=" "><subfield code="a">text</subfield><subfield code="2">rdacontent</subfield></datafield><datafield tag="337" ind1=" " ind2=" "><subfield code="a">computer</subfield><subfield code="2">rdamedia</subfield></datafield><datafield tag="338" ind1=" " ind2=" "><subfield code="a">online resource</subfield><subfield code="2">rdacarrier</subfield></datafield><datafield tag="500" ind1=" " ind2=" "><subfield code="a">Title from caption.</subfield></datafield><datafield tag="535" ind1="1" ind2=" "><subfield code="a">Historical Society of Pennsylvania</subfield></datafield><datafield tag="650" ind1=" " ind2="0"><subfield code="a">Slavery</subfield><subfield code="x">Moral and ethical aspects</subfield><subfield code="v">Juvenile literature.</subfield></datafield><datafield tag="650" ind1=" " ind2="0"><subfield code="a">Slavery</subfield><subfield code="z">West Indies, British</subfield><subfield code="v">Juvenile literature.</subfield></datafield><datafield tag="650" ind1=" " ind2="0"><subfield code="a">Slave trade</subfield><subfield code="v">Juvenile literature.</subfield></datafield><datafield tag="650" ind1=" " ind2="0"><subfield code="a">Antislavery movements</subfield><subfield code="z">Great Britain</subfield><subfield code="v">Juvenile literature.</subfield></datafield><datafield tag="710" ind1="2" ind2=" "><subfield code="a">Historical Society of Pennsylvania,</subfield><subfield code="e">owner.</subfield></datafield><datafield tag="906" ind1=" " ind2=" "><subfield code="a">DOCUMENT</subfield></datafield><datafield tag="950" ind1=" " ind2=" "><subfield code="c">2024-08-15 03:48:52 US/Eastern</subfield><subfield code="b">2024-08-03 15:34:19 US/Eastern</subfield><subfield code="a">false</subfield></datafield><datafield tag="951" ind1=" " ind2=" "><subfield code="v">2024-08-05 04:35:00 US/Eastern</subfield><subfield code="g">AM (Adam Matthew)</subfield><subfield code="u">System</subfield><subfield code="t">2023-12-26 06:30:37 US/Eastern</subfield><subfield code="x">https://na05.alma.exlibrisgroup.com/view/uresolver/01PRI_INST/openurl?u.ignore_date_coverage=true&amp;portfolio_pid=531004075520006421&amp;Force_direct=true</subfield><subfield code="s">electronic inventory creator</subfield><subfield code="0">531004075520006421</subfield><subfield code="w">2023-12-26 11:30:37</subfield><subfield code="f">true</subfield><subfield code="m">61753481810006421</subfield><subfield code="n">Slavery Abolition and Social Justice 1490-2007</subfield><subfield code="b">param</subfield><subfield code="q">1460019-princetondb</subfield><subfield code="1">62753508090006421</subfield><subfield code="c">d?u.ignore_date_coverage=true&amp;rft.mms_id=99131184515206421</subfield><subfield code="a">Available</subfield><subfield code="l">615280000000000118</subfield><subfield code="e">DOCUMENT</subfield><subfield code="8">531004075520006421</subfield></datafield></record>