<record><leader>04409cam a2200577 i 4500</leader><controlfield tag="005">20240815040930.0</controlfield><controlfield tag="008">240217t20242024nyu      b    001 0 eng  </controlfield><controlfield tag="001">99131178412506421</controlfield><datafield tag="010" ind1=" " ind2=" "><subfield code="a">  2023055369</subfield></datafield><datafield tag="020" ind1=" " ind2=" "><subfield code="a">9781032700496</subfield><subfield code="q">hardcover</subfield></datafield><datafield tag="020" ind1=" " ind2=" "><subfield code="a">1032700491</subfield><subfield code="q">hardcover</subfield></datafield><datafield tag="020" ind1=" " ind2=" "><subfield code="a">9781032700458</subfield><subfield code="q">paperback</subfield></datafield><datafield tag="020" ind1=" " ind2=" "><subfield code="a">1032700459</subfield><subfield code="q">paperback</subfield></datafield><datafield tag="020" ind1=" " ind2=" "><subfield code="z">9781032700489</subfield><subfield code="q">electronic book</subfield></datafield><datafield tag="035" ind1=" " ind2=" "><subfield code="a">(OCoLC)on1410104535</subfield></datafield><datafield tag="040" ind1=" " ind2=" "><subfield code="a">DLC</subfield><subfield code="b">eng</subfield><subfield code="e">rda</subfield><subfield code="c">DLC</subfield><subfield code="d">IWA</subfield><subfield code="d">OCLCO</subfield><subfield code="d">YDX</subfield></datafield><datafield tag="042" ind1=" " ind2=" "><subfield code="a">pcc</subfield></datafield><datafield tag="043" ind1=" " ind2=" "><subfield code="a">a-ii---</subfield><subfield code="a">e-uk---</subfield></datafield><datafield tag="050" ind1="0" ind2="0"><subfield code="a">PR468.A56</subfield><subfield code="b">N35 2024</subfield></datafield><datafield tag="082" ind1="0" ind2="0"><subfield code="a">820.9/36</subfield><subfield code="2">23/eng/20240311</subfield></datafield><datafield tag="100" ind1="1" ind2=" "><subfield code="a">Naithani, Sadhana,</subfield><subfield code="e">author.</subfield></datafield><datafield tag="245" ind1="1" ind2="4"><subfield code="a">The inhuman empire :</subfield><subfield code="b">wildlife, colonialism, culture /</subfield><subfield code="c">Sadhana Naithani.</subfield></datafield><datafield tag="264" ind1=" " ind2="1"><subfield code="a">New York :</subfield><subfield code="b">Routledge, Taylor &amp; Francis Group,</subfield><subfield code="c">2024.</subfield></datafield><datafield tag="264" ind1=" " ind2="4"><subfield code="c">©2024</subfield></datafield><datafield tag="300" ind1=" " ind2=" "><subfield code="a">xi, 173 pages ;</subfield><subfield code="c">25 cm.</subfield></datafield><datafield tag="336" ind1=" " ind2=" "><subfield code="a">text</subfield><subfield code="b">txt</subfield><subfield code="2">rdacontent</subfield></datafield><datafield tag="337" ind1=" " ind2=" "><subfield code="a">unmediated</subfield><subfield code="b">n</subfield><subfield code="2">rdamedia</subfield></datafield><datafield tag="338" ind1=" " ind2=" "><subfield code="a">volume</subfield><subfield code="b">nc</subfield><subfield code="2">rdacarrier</subfield></datafield><datafield tag="490" ind1="0" ind2=" "><subfield code="a">Empire and the making of the modern world, 1650 to 2000</subfield></datafield><datafield tag="504" ind1=" " ind2=" "><subfield code="a">Includes bibliographical references and index.</subfield></datafield><datafield tag="505" ind1="0" ind2=" "><subfield code="a">Introduction: The narrative grip -- The hunted, their witnesses and the hunters' narratives -- The majestic elephant meets the government of her majesty -- The multispecies world of the Indian householder -- The tiger obsession : Henry Shakespear, James Forsyth, George Sanderson, J. C. Fife-Cookson -- The tiger grips the narrator : Jim Corbett's many books -- The narrative warfare -- To new beginnings.</subfield></datafield><datafield tag="520" ind1=" " ind2=" "><subfield code="a">"This book is a study of selected texts of British writings on Indian wildlife published between 1860 and 1960. Set in the context of British colonial rule in India, this volume also reflects on similar situations across the British Empire and other colonial empires. The destruction of wildlife in the making of empires is a subject not yet fully explored in scholarship. This volume aims to speak to global concerns regarding the extinction of several species and shows that the crisis has international roots. The Inhuman Empire breaks new grounds as it juxtaposes colonial narratives to folk narratives. These two types of narratives treat non-human animals very differently - folk narrative considers them sentient beings, while colonial narratives see them as 'game' and do not care for their sentience. Both types of narratives are further evaluated with reference to the contemporary position of natural sciences regarding animal sentience and of anthropologists and philosophers regarding the relationship between nature and culture. Analysing colonial accounts of hunting, the author looks at the pain and suffering of non-human animals and combines statistics alongside narratives of British writers, Indian populace and non-human animals in order to show narratives reflect and impact reality. This volume will be of great value to those interested in Animal Studies, the history of Colonialism and India"--</subfield><subfield code="c">Provided by publisher.</subfield></datafield><datafield tag="650" ind1=" " ind2="0"><subfield code="a">Animals in literature.</subfield></datafield><datafield tag="650" ind1=" " ind2="0"><subfield code="a">Hunting in literature.</subfield></datafield><datafield tag="651" ind1=" " ind2="0"><subfield code="a">India</subfield><subfield code="x">In literature.</subfield></datafield><datafield tag="650" ind1=" " ind2="0"><subfield code="a">English literature</subfield><subfield code="y">19th century</subfield><subfield code="x">History and criticism.</subfield></datafield><datafield tag="650" ind1=" " ind2="0"><subfield code="a">English literature</subfield><subfield code="y">20th century</subfield><subfield code="x">History and criticism.</subfield></datafield><datafield tag="650" ind1=" " ind2="0"><subfield code="a">British</subfield><subfield code="z">India</subfield><subfield code="x">History.</subfield></datafield><datafield tag="651" ind1=" " ind2="0"><subfield code="a">India</subfield><subfield code="x">History</subfield><subfield code="y">British occupation, 1765-1947.</subfield></datafield><datafield tag="651" ind1=" " ind2="0"><subfield code="a">Great Britain</subfield><subfield code="x">Colonies</subfield><subfield code="z">Asia.</subfield></datafield><datafield tag="650" ind1=" " ind2="6"><subfield code="a">Animaux dans la littérature.</subfield><subfield code="0">(CaQQLa)201-0001369</subfield></datafield><datafield tag="650" ind1=" " ind2="6"><subfield code="a">Littérature anglaise</subfield><subfield code="0">(CaQQLa)201-0049945</subfield><subfield code="y">19e siècle</subfield><subfield code="0">(CaQQLa)201-0049945</subfield><subfield code="x">Histoire et critique.</subfield><subfield code="0">(CaQQLa)201-0377571</subfield></datafield><datafield tag="650" ind1=" " ind2="6"><subfield code="a">Littérature anglaise</subfield><subfield code="0">(CaQQLa)201-0021567</subfield><subfield code="y">20e siècle</subfield><subfield code="0">(CaQQLa)201-0021567</subfield><subfield code="x">Histoire et critique.</subfield><subfield code="0">(CaQQLa)201-0377571</subfield></datafield><datafield tag="650" ind1=" " ind2="6"><subfield code="a">Britanniques</subfield><subfield code="0">(CaQQLa)201-0003276</subfield><subfield code="z">Inde</subfield><subfield code="0">(CaQQLa)201-0482676</subfield><subfield code="x">Histoire.</subfield><subfield code="0">(CaQQLa)201-0378888</subfield></datafield><datafield tag="651" ind1=" " ind2="6"><subfield code="a">Inde</subfield><subfield code="x">Histoire</subfield><subfield code="y">1765-1947 (Occupation britannique)</subfield><subfield code="0">(CaQQLa)201-0013890</subfield></datafield><datafield tag="651" ind1=" " ind2="6"><subfield code="a">Grande-Bretagne</subfield><subfield code="x">Colonies</subfield><subfield code="z">Asie.</subfield><subfield code="0">(CaQQLa)201-0163246</subfield></datafield><datafield tag="776" ind1="0" ind2="8"><subfield code="i">Online version:</subfield><subfield code="a">Naithani, Sadhana.</subfield><subfield code="t">Inhuman empire</subfield><subfield code="d">New York, NY : Routledge, 2024</subfield><subfield code="z">9781032700489</subfield><subfield code="w">(DLC)  2023055370</subfield></datafield><datafield tag="910" ind1=" " ind2=" "><subfield code="c">G0601mon</subfield><subfield code="d">3110-07</subfield><subfield code="g">YBP</subfield><subfield code="h">131406</subfield></datafield><datafield tag="914" ind1=" " ind2=" "><subfield code="a">(OCoLC)on1410104535</subfield><subfield code="b">OCoLC</subfield><subfield code="c">match</subfield><subfield code="d">20240814</subfield><subfield code="e">processed</subfield><subfield code="f">1410104535</subfield></datafield><datafield tag="980" ind1=" " ind2=" "><subfield code="a">20561880</subfield><subfield code="f">131406</subfield><subfield code="i">180.00</subfield><subfield code="j">147.60</subfield><subfield code="n">40032360663</subfield></datafield><datafield tag="982" ind1=" " ind2=" "><subfield code="c">f</subfield><subfield code="q">32101114801903</subfield></datafield><datafield tag="950" ind1=" " ind2=" "><subfield code="c">2024-08-15 04:09:30 US/Eastern</subfield><subfield code="b">2024-07-30 09:23:25 US/Eastern</subfield><subfield code="a">false</subfield></datafield><datafield tag="852" ind1="0" ind2=" "><subfield code="b">firestone</subfield><subfield code="c">stacks</subfield><subfield code="h">PR468.A56</subfield><subfield code="i">N35 2024</subfield><subfield code="8">221024030480006421</subfield></datafield><datafield tag="952" ind1=" " ind2=" "><subfield code="d">2024-07-30 13:23:52</subfield><subfield code="8">221024030480006421</subfield><subfield code="a">2024-07-30 13:23:52</subfield><subfield code="b">Firestone Library</subfield><subfield code="c">stacks: Firestone Library</subfield><subfield code="e">false</subfield></datafield><datafield tag="876" ind1=" " ind2=" "><subfield code="0">221024030480006421</subfield><subfield code="a">231024030470006421</subfield><subfield code="j">1</subfield><subfield code="z">stacks</subfield><subfield code="d">2024-07-30 09:23:53 US/Eastern</subfield><subfield code="p">32101114801903</subfield><subfield code="y">firestone</subfield></datafield></record>