<record><leader>01462nam a2200337 i 4500</leader><controlfield tag="001">99131175011206421</controlfield><controlfield tag="005">20220729120502.0</controlfield><controlfield tag="006">m     o  d |      </controlfield><controlfield tag="007">cr#cnu||||||||</controlfield><controlfield tag="008">220729s2021    gw      o     000 0 eng d</controlfield><datafield tag="020" ind1=" " ind2=" "><subfield code="a">3-8394-5953-2</subfield></datafield><datafield tag="024" ind1="3" ind2=" "><subfield code="a">9783839459539</subfield></datafield><datafield tag="035" ind1=" " ind2=" "><subfield code="a">(MiAaPQ)EBC6800875</subfield></datafield><datafield tag="035" ind1=" " ind2=" "><subfield code="a">(Au-PeEL)EBL6800875</subfield></datafield><datafield tag="035" ind1=" " ind2=" "><subfield code="a">(OCoLC)1285165181</subfield></datafield><datafield tag="035" ind1=" " ind2=" "><subfield code="a">(CKB)19410682400041</subfield></datafield><datafield tag="035" ind1=" " ind2=" "><subfield code="a">(transcript Verlag)9783839459539</subfield></datafield><datafield tag="035" ind1=" " ind2=" "><subfield code="a">(DE-B1597)588963</subfield></datafield><datafield tag="035" ind1=" " ind2=" "><subfield code="a">(DE-B1597)9783839459539</subfield></datafield><datafield tag="035" ind1=" " ind2=" "><subfield code="a">(OCoLC)1305300384</subfield></datafield><datafield tag="035" ind1=" " ind2=" "><subfield code="a">(EXLCZ)9919410682400041</subfield></datafield><datafield tag="040" ind1=" " ind2=" "><subfield code="a">MiAaPQ</subfield><subfield code="b">eng</subfield><subfield code="e">rda</subfield><subfield code="e">pn</subfield><subfield code="c">MiAaPQ</subfield><subfield code="d">MiAaPQ</subfield></datafield><datafield tag="041" ind1="0" ind2=" "><subfield code="a">eng</subfield></datafield><datafield tag="044" ind1=" " ind2=" "><subfield code="a">gw</subfield><subfield code="c">DE</subfield></datafield><datafield tag="050" ind1=" " ind2="4"><subfield code="a">PS121</subfield><subfield code="b">.K356 2021</subfield></datafield><datafield tag="072" ind1=" " ind2="7"><subfield code="a">DSB</subfield><subfield code="2">thema</subfield></datafield><datafield tag="072" ind1=" " ind2="7"><subfield code="a">NHTR</subfield><subfield code="2">thema</subfield></datafield><datafield tag="072" ind1=" " ind2="7"><subfield code="a">JBFH</subfield><subfield code="2">thema</subfield></datafield><datafield tag="072" ind1=" " ind2="7"><subfield code="a">DSB;HBTR;JFF</subfield><subfield code="2">bicssc</subfield></datafield><datafield tag="072" ind1=" " ind2="7"><subfield code="a">9564</subfield><subfield code="2">wsb</subfield></datafield><datafield tag="072" ind1=" " ind2="7"><subfield code="a">LIT</subfield><subfield code="x">004020</subfield><subfield code="2">bisacsh</subfield></datafield><datafield tag="082" ind1="0" ind2=" "><subfield code="a">810.9</subfield><subfield code="2">23</subfield></datafield><datafield tag="084" ind1=" " ind2=" "><subfield code="a">HU 1728</subfield><subfield code="q">DE-24/21sred</subfield><subfield code="2">rvk</subfield><subfield code="0">(DE-625)rvk/53761:</subfield></datafield><datafield tag="100" ind1="1" ind2=" "><subfield code="a">Kalous, Isabel,</subfield><subfield code="e">author.</subfield></datafield><datafield tag="245" ind1="1" ind2="0"><subfield code="a">Black travel writing :</subfield><subfield code="b">contemporary narratives of travel to Africa by African American and Black British authors /</subfield><subfield code="c">Isabel Kalous.</subfield></datafield><datafield tag="250" ind1=" " ind2=" "><subfield code="a">1st ed.</subfield></datafield><datafield tag="264" ind1=" " ind2="1"><subfield code="a">Bielefeld :</subfield><subfield code="b">transcript Verlag,</subfield><subfield code="c">[2021]</subfield></datafield><datafield tag="264" ind1=" " ind2="4"><subfield code="c">©2021</subfield></datafield><datafield tag="300" ind1=" " ind2=" "><subfield code="a">1 online resource (275 pages)</subfield></datafield><datafield tag="336" ind1=" " ind2=" "><subfield code="a">text</subfield><subfield code="b">txt</subfield><subfield code="2">rdacontent</subfield></datafield><datafield tag="337" ind1=" " ind2=" "><subfield code="a">computer</subfield><subfield code="b">c</subfield><subfield code="2">rdamedia</subfield></datafield><datafield tag="338" ind1=" " ind2=" "><subfield code="a">online resource</subfield><subfield code="b">cr</subfield><subfield code="2">rdacarrier</subfield></datafield><datafield tag="490" ind1="0" ind2=" "><subfield code="a">American Culture Studies</subfield><subfield code="v">35</subfield></datafield><datafield tag="505" ind1="0" ind2=" "><subfield code="a">Cover -- Contents -- Acknowledgements -- I Introduction -- 1. Points of Departure: Tracing Roots/Routes to Africa -- 2. On the Current State of Research -- 3. Route Map: Theoretical Premises, Methods, and Objectives of this Study -- II Traveling Black-Traveling Back -- 1. Black Im/Mobilities Past and Present -- 2. Diasporic Return and the Significance of Africa in the Black Imagination -- III An Invisible/Kaleidoscopic Genre: Black Travel Writing -- 1. Defining the Terms: Genre and Genealogy -- 2. The Transnational Slave Narrative and the Roots of Black Travel Writing -- 3. Developments and Trajectories -- 3.1 Travel Writing as a Venue for Criticism -- 3.2 "What a Difference a Border Makes": Transformative Travel Experiences and Literary Self-Exploration -- 3.3 Twentieth-Century Black Writers in/on Africa -- IV Contemporary Black Travel Narratives -- 1. (Re)Writing Roots -- 1.1 Barack Obama's Dreams from My Father: A Story of Race and Inheritance (1995) -- 1.2 Isaiah Washington's A Man from Another Land: How Finding My Roots Changed My Life (2011) -- 2. Disenchanting Africa -- 2.1 Eddy L. Harris's Native Stranger: A Black American's Journey into the Heart of Africa (1992) -- 2.2 Keith Richburg's Out of America: A Black Man Confronts Africa (1997) -- 3. Searching for Home -- 3.1 Ekow Eshun's Black Gold of the Sun: Searching for Home in Africa and Beyond (2005) -- 3.2 Emily Raboteau's Searching for Zion: The Quest for Home in the African Diaspora (2013) -- 4. Tracing Routes -- 4.1 Caryl Phillips's The Atlantic Sound (2000) -- 4.2 Saidiya Hartman's Lose Your Mother: A Journey Along the Atlantic Slave Route (2007) -- V Conclusion: Ambiguous Arrivals -- Bibliography -- Primary Sources -- Secondary Sources.</subfield></datafield><datafield tag="520" ind1=" " ind2=" "><subfield code="a">What does it mean for Black diasporic writers to travel to Africa? Focusing on the period between the 1990s and 2010s, Isabel Kalous examines autobiographical narratives of travel to Africa by African American and Black British authors. She places the texts within the long tradition of Black diasporic engagement with the continent, scrutinizes the significance of Black mobility, and demonstrates that travel writing serves as a means to negotiate questions of identity, belonging, history, and cultural memory. To provide a framework for the analyses of contemporary narratives, her study outlines the emergence, development, and key characteristics of the multifaceted genre of Black travel writing. Authors discussed include, among others, Saidiya Hartman, Barack Obama, and Caryl Phillips.</subfield></datafield><datafield tag="545" ind1="0" ind2=" "><subfield code="8">1\u</subfield><subfield code="a">Isabel Kalous is an alumna of the International Graduate Centre for the Study of Culture at the University of Giessen, Germany, where she completed her dissertation in English and American Literature in 2020. Her research interests include African American literature, slavery and cultural memory, transnational American studies, and cultural mobility studies.</subfield></datafield><datafield tag="502" ind1=" " ind2=" "><subfield code="b">Doctoral Thesis</subfield><subfield code="c">Justus-Liebig-Universität Gießen</subfield><subfield code="d">2020</subfield></datafield><datafield tag="588" ind1=" " ind2=" "><subfield code="a">Description based on print version record.</subfield></datafield><datafield tag="546" ind1=" " ind2=" "><subfield code="a">In English.</subfield></datafield><datafield tag="536" ind1=" " ind2=" "><subfield code="a">funded by Backlisttransformation EOSC Future</subfield></datafield><datafield tag="650" ind1=" " ind2="0"><subfield code="a">American literature</subfield><subfield code="x">History and criticism.</subfield></datafield><datafield tag="650" ind1=" " ind2="0"><subfield code="a">British literature</subfield><subfield code="x">History and criticism.</subfield></datafield><datafield tag="776" ind1="0" ind2="8"><subfield code="i">Print version:</subfield><subfield code="a">Kalous, Isabel</subfield><subfield code="t">Black Travel Writing</subfield><subfield code="d">Bielefeld : transcript,c2021</subfield><subfield code="z">9783837659535</subfield></datafield><datafield tag="710" ind1="2" ind2=" "><subfield code="a">Backlisttransformation EOSC Future</subfield><subfield code="e">funder.</subfield></datafield><datafield tag="830" ind1=" " ind2="0"><subfield code="a">American Culture Studies</subfield></datafield><datafield tag="906" ind1=" " ind2=" "><subfield code="a">BOOK</subfield></datafield><datafield tag="950" ind1=" " ind2=" "><subfield code="c">2024-11-29 05:48:25 US/Eastern</subfield><subfield code="b">2021-11-17 09:35:26 US/Eastern</subfield><subfield code="a">false</subfield></datafield><datafield tag="951" ind1=" " ind2=" "><subfield code="v">2024-07-22 00:59:36 US/Eastern</subfield><subfield code="g">Walter De Gruyter Publishing</subfield><subfield code="u">System</subfield><subfield code="t">2024-07-22 00:59:36 US/Eastern</subfield><subfield code="x">https://na05.alma.exlibrisgroup.com/view/uresolver/01PRI_INST/openurl?u.ignore_date_coverage=true&amp;portfolio_pid=531023549830006421&amp;Force_direct=true</subfield><subfield code="s">electronic inventory creator</subfield><subfield code="0">531023549830006421</subfield><subfield code="w">2024-07-22 04:59:36</subfield><subfield code="f">false</subfield><subfield code="m">61753492950006421</subfield><subfield code="n">Walter De Gruyter: Open Access eBooks</subfield><subfield code="b">param</subfield><subfield code="1">62753501790006421</subfield><subfield code="c">d?u.ignore_date_coverage=true&amp;rft.mms_id=99131175011206421</subfield><subfield code="a">Available</subfield><subfield code="l">613850000000000007</subfield><subfield code="e">BOOK</subfield><subfield code="8">531023549830006421</subfield></datafield><datafield tag="951" ind1=" " ind2=" "><subfield code="v">2024-08-04 22:25:25 US/Eastern</subfield><subfield code="g">DOAB Directory of Open Access Books</subfield><subfield code="u">System</subfield><subfield code="t">2024-08-04 22:25:25 US/Eastern</subfield><subfield code="x">https://na05.alma.exlibrisgroup.com/view/uresolver/01PRI_INST/openurl?u.ignore_date_coverage=true&amp;portfolio_pid=531024599220006421&amp;Force_direct=true</subfield><subfield code="s">electronic inventory creator</subfield><subfield code="0">531024599220006421</subfield><subfield code="w">2024-08-05 02:25:25</subfield><subfield code="f">false</subfield><subfield code="m">61753493830006421</subfield><subfield code="n">DOAB Directory of Open Access Books</subfield><subfield code="b">param</subfield><subfield code="1">62753505900006421</subfield><subfield code="c">d?u.ignore_date_coverage=true&amp;rft.mms_id=99131175011206421</subfield><subfield code="a">Available</subfield><subfield code="l">613680000000000027</subfield><subfield code="e">BOOK</subfield><subfield code="8">531024599220006421</subfield></datafield><datafield tag="951" ind1=" " ind2=" "><subfield code="v">2025-03-24 17:57:47 US/Eastern</subfield><subfield code="g">JSTOR</subfield><subfield code="u">System</subfield><subfield code="t">2025-03-24 17:57:47 US/Eastern</subfield><subfield code="x">https://na05.alma.exlibrisgroup.com/view/uresolver/01PRI_INST/openurl?u.ignore_date_coverage=true&amp;portfolio_pid=531046456710006421&amp;Force_direct=true</subfield><subfield code="s">electronic inventory creator</subfield><subfield code="0">531046456710006421</subfield><subfield code="w">2025-03-24 21:57:47</subfield><subfield code="f">false</subfield><subfield code="m">61753495700006421</subfield><subfield code="n">JSTOR Books Open Access</subfield><subfield code="b">param</subfield><subfield code="1">62753503840006421</subfield><subfield code="c">d?u.ignore_date_coverage=true&amp;rft.mms_id=99131175011206421</subfield><subfield code="a">Available</subfield><subfield code="l">614330000000000094</subfield><subfield code="e">BOOK</subfield><subfield code="8">531046456710006421</subfield></datafield><datafield tag="951" ind1=" " ind2=" "><subfield code="v">2024-12-30 01:37:48 US/Eastern</subfield><subfield code="g">OAPEN Open</subfield><subfield code="u">System</subfield><subfield code="t">2024-09-23 02:49:34 US/Eastern</subfield><subfield code="x">https://na05.alma.exlibrisgroup.com/view/uresolver/01PRI_INST/openurl?u.ignore_date_coverage=true&amp;portfolio_pid=531029395090006421&amp;Force_direct=true</subfield><subfield code="s">electronic inventory creator</subfield><subfield code="0">531029395090006421</subfield><subfield code="w">2024-09-23 06:49:34</subfield><subfield code="f">false</subfield><subfield code="m">61753493210006421</subfield><subfield code="n">OAPEN</subfield><subfield code="b">param</subfield><subfield code="1">62753501870006421</subfield><subfield code="c">d?u.ignore_date_coverage=true&amp;rft.mms_id=99131175011206421</subfield><subfield code="a">Available</subfield><subfield code="l">613450000000000043</subfield><subfield code="e">BOOK</subfield><subfield code="8">531029395090006421</subfield></datafield></record>