<record><leader>03206cam a2200529 i 4500</leader><controlfield tag="005">20240725055155.0</controlfield><controlfield tag="008">231128s2024    paua     b    001 0 eng  </controlfield><controlfield tag="001">99130937754506421</controlfield><datafield tag="010" ind1=" " ind2=" "><subfield code="a">  2023047876</subfield></datafield><datafield tag="019" ind1=" " ind2=" "><subfield code="a">1405366391</subfield></datafield><datafield tag="020" ind1=" " ind2=" "><subfield code="a">9781684485314</subfield><subfield code="q">paperback</subfield></datafield><datafield tag="020" ind1=" " ind2=" "><subfield code="a">1684485312</subfield><subfield code="q">paperback</subfield></datafield><datafield tag="020" ind1=" " ind2=" "><subfield code="a">9781684485321</subfield><subfield code="q">hardcover</subfield></datafield><datafield tag="020" ind1=" " ind2=" "><subfield code="a">1684485320</subfield><subfield code="q">hardcover</subfield></datafield><datafield tag="020" ind1=" " ind2=" "><subfield code="z">9781684485338</subfield><subfield code="q">electronic book</subfield></datafield><datafield tag="020" ind1=" " ind2=" "><subfield code="z">9781684485345</subfield><subfield code="q">electronic book</subfield></datafield><datafield tag="035" ind1=" " ind2=" "><subfield code="a">(OCoLC)on1405365186</subfield></datafield><datafield tag="040" ind1=" " ind2=" "><subfield code="a">DLC</subfield><subfield code="b">eng</subfield><subfield code="e">rda</subfield><subfield code="c">DLC</subfield><subfield code="d">BDX</subfield><subfield code="d">YDX</subfield></datafield><datafield tag="042" ind1=" " ind2=" "><subfield code="a">pcc</subfield></datafield><datafield tag="043" ind1=" " ind2=" "><subfield code="a">e-uk---</subfield></datafield><datafield tag="050" ind1="0" ind2="0"><subfield code="a">PR438.D75</subfield><subfield code="b">R55 2024</subfield></datafield><datafield tag="082" ind1="0" ind2="0"><subfield code="a">820.9/3564</subfield><subfield code="2">23/eng/20240202</subfield></datafield><datafield tag="100" ind1="1" ind2=" "><subfield code="a">Riley, Dayne C.,</subfield><subfield code="e">author.</subfield></datafield><datafield tag="245" ind1="1" ind2="0"><subfield code="a">Consuming anxieties :</subfield><subfield code="b">alcohol, tobacco, and trade in British satire, 1660-1751 /</subfield><subfield code="c">Dayne C. Riley.</subfield></datafield><datafield tag="246" ind1="3" ind2="0"><subfield code="a">Alcohol, tobacco, and trade in British satire, 1660-1751</subfield></datafield><datafield tag="264" ind1=" " ind2="1"><subfield code="a">Lewisburg, Pennsylvania :</subfield><subfield code="b">Bucknell University Press,</subfield><subfield code="c">[2024]</subfield></datafield><datafield tag="300" ind1=" " ind2=" "><subfield code="a">ix, 209 pages :</subfield><subfield code="b">illustrations (some color) ;</subfield><subfield code="c">24 cm.</subfield></datafield><datafield tag="336" ind1=" " ind2=" "><subfield code="a">text</subfield><subfield code="b">txt</subfield><subfield code="2">rdacontent</subfield></datafield><datafield tag="337" ind1=" " ind2=" "><subfield code="a">unmediated</subfield><subfield code="b">n</subfield><subfield code="2">rdamedia</subfield></datafield><datafield tag="338" ind1=" " ind2=" "><subfield code="a">volume</subfield><subfield code="b">nc</subfield><subfield code="2">rdacarrier</subfield></datafield><datafield tag="490" ind1="1" ind2=" "><subfield code="a">Transits: literature, thought &amp; culture, 1650-1850</subfield></datafield><datafield tag="504" ind1=" " ind2=" "><subfield code="a">Includes bibliographical references and index.</subfield></datafield><datafield tag="520" ind1=" " ind2=" "><subfield code="a">"Writers of the late seventeenth and early eighteenth centuries--a period of vast economic change--recognized the global trade in alcohol and tobacco promised a brighter financial future for England, even as overindulgence at home posed serious moral pitfalls. This engaging and original study explores how literary satirists represented these consumables--and related anxieties about the changing nature of Britishness--in their work. Riley traces the satirical treatment of wine, beer, ale, gin, pipe tobacco, and snuff from the beginning of Charles II's reign, through the boom in tobacco's popularity, to the end of the Gin Craze in libertine poems and plays, anonymous verse, ballad operas, and the satire of canonical writers such as Gay , Pope, and Swift. Focusing on consumption and resultant social concerns about class, race, and gender, Consuming Anxieties examines how satirists championed Britain's economic strength on the world stage while critiquing the effects of these consumable luxuries on the British body and consciousness"--</subfield><subfield code="c">Provided by publisher.</subfield></datafield><datafield tag="650" ind1=" " ind2="0"><subfield code="a">English literature</subfield><subfield code="y">17th century</subfield><subfield code="x">History and criticism.</subfield></datafield><datafield tag="650" ind1=" " ind2="0"><subfield code="a">English literature</subfield><subfield code="y">18th century</subfield><subfield code="x">History and criticism.</subfield></datafield><datafield tag="650" ind1=" " ind2="0"><subfield code="a">Drinking of alcoholic beverages in literature.</subfield></datafield><datafield tag="650" ind1=" " ind2="0"><subfield code="a">Tobacco in literature.</subfield></datafield><datafield tag="650" ind1=" " ind2="0"><subfield code="a">Satire, English</subfield><subfield code="x">History and criticism.</subfield></datafield><datafield tag="650" ind1=" " ind2="0"><subfield code="a">Literature and society</subfield><subfield code="z">Great Britain</subfield><subfield code="x">History</subfield><subfield code="y">17th century.</subfield></datafield><datafield tag="650" ind1=" " ind2="0"><subfield code="a">Literature and society</subfield><subfield code="z">Great Britain</subfield><subfield code="x">History</subfield><subfield code="y">18th century.</subfield></datafield><datafield tag="650" ind1=" " ind2="0"><subfield code="a">National characteristics, British, in literature.</subfield></datafield><datafield tag="655" ind1=" " ind2="7"><subfield code="a">Literary criticism.</subfield><subfield code="2">lcgft</subfield></datafield><datafield tag="830" ind1=" " ind2="0"><subfield code="a">Transits (Bucknell University)</subfield></datafield><datafield tag="910" ind1=" " ind2=" "><subfield code="c">C0402mon</subfield><subfield code="d">3110-07</subfield><subfield code="g">YBP</subfield><subfield code="h">107557</subfield></datafield><datafield tag="914" ind1=" " ind2=" "><subfield code="a">(OCoLC)on1405365186</subfield><subfield code="b">OCoLC</subfield><subfield code="c">match</subfield><subfield code="d">20240717</subfield><subfield code="e">processed</subfield><subfield code="f">1405365186</subfield></datafield><datafield tag="980" ind1=" " ind2=" "><subfield code="a">20533452</subfield><subfield code="f">107557</subfield><subfield code="i">140.00</subfield><subfield code="j">114.80</subfield><subfield code="n">40032344299</subfield></datafield><datafield tag="982" ind1=" " ind2=" "><subfield code="c">f</subfield><subfield code="q">32101114604240</subfield></datafield><datafield tag="950" ind1=" " ind2=" "><subfield code="c">2024-07-25 05:51:55 US/Eastern</subfield><subfield code="b">2024-07-01 08:56:31 US/Eastern</subfield><subfield code="a">false</subfield></datafield><datafield tag="852" ind1="0" ind2=" "><subfield code="b">firestone</subfield><subfield code="c">stacks</subfield><subfield code="h">PR438.D75</subfield><subfield code="i">R55 2024</subfield><subfield code="8">221022425640006421</subfield></datafield><datafield tag="952" ind1=" " ind2=" "><subfield code="d">2024-07-01 12:58:20</subfield><subfield code="8">221022425640006421</subfield><subfield code="a">2024-07-01 12:58:20</subfield><subfield code="b">Firestone Library</subfield><subfield code="c">stacks: Firestone Library</subfield><subfield code="e">false</subfield></datafield><datafield tag="876" ind1=" " ind2=" "><subfield code="0">221022425640006421</subfield><subfield code="a">231022425620006421</subfield><subfield code="j">1</subfield><subfield code="z">stacks</subfield><subfield code="d">2024-07-01 08:58:20 US/Eastern</subfield><subfield code="p">32101114604240</subfield><subfield code="y">firestone</subfield></datafield></record>