<record><leader>03542cam a2200469 i 4500</leader><controlfield tag="005">20240725055125.0</controlfield><controlfield tag="008">240207s2024    nyua     b    001 0 eng  </controlfield><controlfield tag="001">99130937587106421</controlfield><datafield tag="010" ind1=" " ind2=" "><subfield code="a">  2023050591</subfield></datafield><datafield tag="020" ind1=" " ind2=" "><subfield code="a">9781438498270</subfield><subfield code="q">hardcover</subfield></datafield><datafield tag="020" ind1=" " ind2=" "><subfield code="a">1438498276</subfield><subfield code="q">hardcover</subfield></datafield><datafield tag="020" ind1=" " ind2=" "><subfield code="z">9781438498294</subfield><subfield code="q">electronic book</subfield></datafield><datafield tag="035" ind1=" " ind2=" "><subfield code="a">(OCoLC)on1420354525</subfield></datafield><datafield tag="040" ind1=" " ind2=" "><subfield code="a">DLC</subfield><subfield code="b">eng</subfield><subfield code="e">rda</subfield><subfield code="c">DLC</subfield><subfield code="d">BDX</subfield><subfield code="d">OCLCO</subfield><subfield code="d">YDX</subfield><subfield code="d">IDU</subfield><subfield code="d">MNN</subfield><subfield code="d">YDX</subfield></datafield><datafield tag="042" ind1=" " ind2=" "><subfield code="a">pcc</subfield></datafield><datafield tag="043" ind1=" " ind2=" "><subfield code="a">e-uk---</subfield></datafield><datafield tag="050" ind1="0" ind2="0"><subfield code="a">PR468.C64</subfield><subfield code="b">L64 2024</subfield></datafield><datafield tag="082" ind1="0" ind2="0"><subfield code="a">820.935893</subfield><subfield code="2">23/eng/20240207</subfield></datafield><datafield tag="100" ind1="1" ind2=" "><subfield code="a">Loh, Waiyee,</subfield><subfield code="d">1985-</subfield><subfield code="e">author.</subfield></datafield><datafield tag="245" ind1="1" ind2="0"><subfield code="a">Empire of culture :</subfield><subfield code="b">neo-Victorian narratives in the global creative economy /</subfield><subfield code="c">Waiyee Loh.</subfield></datafield><datafield tag="264" ind1=" " ind2="1"><subfield code="a">Albany :</subfield><subfield code="b">State University of New York Press,</subfield><subfield code="c">2024.</subfield></datafield><datafield tag="300" ind1=" " ind2=" "><subfield code="a">xv, 204 pages :</subfield><subfield code="b">illustrations ;</subfield><subfield code="c">24 cm.</subfield></datafield><datafield tag="336" ind1=" " ind2=" "><subfield code="a">text</subfield><subfield code="b">txt</subfield><subfield code="2">rdacontent</subfield></datafield><datafield tag="337" ind1=" " ind2=" "><subfield code="a">unmediated</subfield><subfield code="b">n</subfield><subfield code="2">rdamedia</subfield></datafield><datafield tag="338" ind1=" " ind2=" "><subfield code="a">volume</subfield><subfield code="b">nc</subfield><subfield code="2">rdacarrier</subfield></datafield><datafield tag="490" ind1="1" ind2=" "><subfield code="a">SUNY series, studies in the long nineteenth century</subfield></datafield><datafield tag="504" ind1=" " ind2=" "><subfield code="a">Includes bibliographical references and index.</subfield></datafield><datafield tag="505" ind1="0" ind2=" "><subfield code="a">Who owns the Victorians? -- All in the Anglo-American family -- Japanese tourists in Victorian Britain -- Empire of cool -- Becoming "Victorian".</subfield></datafield><datafield tag="520" ind1=" " ind2=" "><subfield code="a">"Shows how Britain's entanglements with its colonies in the long nineteenth century have come to shape global cultural commodity flows today"--</subfield><subfield code="c">Provided by publisher.</subfield></datafield><datafield tag="520" ind1=" " ind2=" "><subfield code="a">"Empire of Culture brings together contemporary representations of Victorian Britain to reveal how the nation's imperial past inheres in the ways post-imperial subjects commodify and consume "culture" in the late twentieth and early twenty-first centuries. The globalization of English literature, along with British forms of dress, etiquette, and dining, in the nineteenth century presumed and produced the idea that British culture is a universal standard to which everyone should aspire. Examining neo-Victorian texts and practices from Britain, the United States, Japan, and Singapore--from A. S. Byatt's novel Possession and its Hollywood film adaptation to Japanese Lolita fashion and the Lady Victorian manga series--Waiyee Loh argues that the British heritage industry thrives on the persistence of this idea. Yet this industry also competes and collaborates with the US and Japanese cultural industries, as they, too, engage with the legacy of British universalism to carve out their own empires in a global creative economy. Unique in its scope, Empire of Culture centers Britain's engagements with the US and East Asia to illuminate fresh axes of influence and appropriation, and further bring Victorian studies into contact with various sites of literary and cultural fandom." -Ư-</subfield><subfield code="c">Provided by publisher.</subfield></datafield><datafield tag="650" ind1=" " ind2="0"><subfield code="a">English literature</subfield><subfield code="y">19th century</subfield><subfield code="x">History and criticism.</subfield></datafield><datafield tag="651" ind1=" " ind2="0"><subfield code="a">Great Britain</subfield><subfield code="x">Colonies</subfield><subfield code="x">History.</subfield></datafield><datafield tag="650" ind1=" " ind2="0"><subfield code="a">Civilization</subfield><subfield code="x">British influences.</subfield></datafield><datafield tag="650" ind1=" " ind2="0"><subfield code="a">British</subfield><subfield code="z">Foreign countries.</subfield></datafield><datafield tag="650" ind1=" " ind2="6"><subfield code="a">Littérature anglaise</subfield><subfield code="0">(CaQQLa)201-0049945</subfield><subfield code="y">19e siècle</subfield><subfield code="0">(CaQQLa)201-0049945</subfield><subfield code="x">Histoire et critique.</subfield><subfield code="0">(CaQQLa)201-0377571</subfield></datafield><datafield tag="651" ind1=" " ind2="6"><subfield code="a">Grande-Bretagne</subfield><subfield code="x">Colonies</subfield><subfield code="x">Histoire.</subfield><subfield code="0">(CaQQLa)201-0163217</subfield></datafield><datafield tag="650" ind1=" " ind2="6"><subfield code="a">Britanniques</subfield><subfield code="z">Pays étrangers.</subfield><subfield code="0">(CaQQLa)201-0106047</subfield></datafield><datafield tag="830" ind1=" " ind2="0"><subfield code="a">SUNY series, studies in the long nineteenth century</subfield></datafield><datafield tag="910" ind1=" " ind2=" "><subfield code="c">C0402mon</subfield><subfield code="d">3110-07</subfield><subfield code="g">YBP</subfield><subfield code="h">111344</subfield></datafield><datafield tag="914" ind1=" " ind2=" "><subfield code="a">(OCoLC)on1420354525</subfield><subfield code="b">OCoLC</subfield><subfield code="c">match</subfield><subfield code="d">20240717</subfield><subfield code="e">processed</subfield><subfield code="f">1420354525</subfield></datafield><datafield tag="980" ind1=" " ind2=" "><subfield code="a">20802339</subfield><subfield code="f">111344</subfield><subfield code="i">99.00</subfield><subfield code="j">81.18</subfield><subfield code="n">40032344248</subfield></datafield><datafield tag="982" ind1=" " ind2=" "><subfield code="c">f</subfield><subfield code="q">32101114607524</subfield></datafield><datafield tag="950" ind1=" " ind2=" "><subfield code="c">2024-07-25 05:51:25 US/Eastern</subfield><subfield code="b">2024-06-28 04:07:36 US/Eastern</subfield><subfield code="a">false</subfield></datafield><datafield tag="852" ind1="0" ind2=" "><subfield code="b">firestone</subfield><subfield code="c">stacks</subfield><subfield code="h">PR468.C64</subfield><subfield code="i">L64 2024</subfield><subfield code="8">221022245110006421</subfield></datafield><datafield tag="952" ind1=" " ind2=" "><subfield code="d">2024-06-28 08:09:21</subfield><subfield code="8">221022245110006421</subfield><subfield code="a">2024-06-28 08:09:21</subfield><subfield code="b">Firestone Library</subfield><subfield code="c">stacks: Firestone Library</subfield><subfield code="e">false</subfield></datafield><datafield tag="876" ind1=" " ind2=" "><subfield code="0">221022245110006421</subfield><subfield code="a">231022245100006421</subfield><subfield code="j">1</subfield><subfield code="z">stacks</subfield><subfield code="d">2024-06-28 04:09:21 US/Eastern</subfield><subfield code="p">32101114607524</subfield><subfield code="y">firestone</subfield></datafield></record>