<record><leader>01205cam a2200313 i 4500</leader><controlfield tag="005">20240725054218.0</controlfield><controlfield tag="008">240417t20242024enk      b    000 0 eng d</controlfield><controlfield tag="001">99130898454106421</controlfield><datafield tag="020" ind1=" " ind2=" "><subfield code="a">1036402975</subfield><subfield code="q">hardcover</subfield></datafield><datafield tag="020" ind1=" " ind2=" "><subfield code="a">9781036402976</subfield><subfield code="q">hardcover</subfield></datafield><datafield tag="035" ind1=" " ind2=" "><subfield code="a">(OCoLC)on1430292332</subfield></datafield><datafield tag="040" ind1=" " ind2=" "><subfield code="a">YDX</subfield><subfield code="b">eng</subfield><subfield code="e">rda</subfield><subfield code="c">YDX</subfield><subfield code="d">YDX</subfield></datafield><datafield tag="050" ind1=" " ind2="4"><subfield code="a">PN849.G74</subfield><subfield code="b">C75 2024</subfield></datafield><datafield tag="082" ind1="0" ind2="4"><subfield code="a">820.9/358</subfield><subfield code="2">23/eng/20240522</subfield></datafield><datafield tag="245" ind1="0" ind2="0"><subfield code="a">Critical perspectives on resistance in 21-st century British literature /</subfield><subfield code="c">edited by Nilay Erdem Ayyildiz.</subfield></datafield><datafield tag="264" ind1=" " ind2="1"><subfield code="a">Newcastle upon Tyne :</subfield><subfield code="b">Cambridge Scholars Publishing,</subfield><subfield code="c">2024.</subfield></datafield><datafield tag="264" ind1=" " ind2="4"><subfield code="c">©2024</subfield></datafield><datafield tag="300" ind1=" " ind2=" "><subfield code="a">ix, 204 pages ;</subfield><subfield code="c">22 cm</subfield></datafield><datafield tag="336" ind1=" " ind2=" "><subfield code="a">text</subfield><subfield code="b">txt</subfield><subfield code="2">rdacontent</subfield></datafield><datafield tag="337" ind1=" " ind2=" "><subfield code="a">unmediated</subfield><subfield code="b">n</subfield><subfield code="2">rdamedia</subfield></datafield><datafield tag="338" ind1=" " ind2=" "><subfield code="a">volume</subfield><subfield code="b">nc</subfield><subfield code="2">rdacarrier</subfield></datafield><datafield tag="504" ind1=" " ind2=" "><subfield code="a">Includes bibliographical references.</subfield></datafield><datafield tag="650" ind1=" " ind2="0"><subfield code="a">British literature</subfield><subfield code="x">History and criticism</subfield><subfield code="y">21st century.</subfield></datafield><datafield tag="650" ind1=" " ind2="0"><subfield code="a">Resistance (Philosophy) in literature.</subfield></datafield><datafield tag="700" ind1="1" ind2=" "><subfield code="a">Ayyıldız, Nilay Erdem,</subfield><subfield code="e">editor.</subfield></datafield><datafield tag="910" ind1=" " ind2=" "><subfield code="c">G0601mon</subfield><subfield code="d">3110-07</subfield><subfield code="g">YBP</subfield><subfield code="h">88547</subfield></datafield><datafield tag="914" ind1=" " ind2=" "><subfield code="a">(OCoLC)on1430292332</subfield><subfield code="b">OCoLC</subfield><subfield code="c">match</subfield><subfield code="d">20240717</subfield><subfield code="e">processed</subfield><subfield code="f">1430292332</subfield></datafield><datafield tag="980" ind1=" " ind2=" "><subfield code="a">20988646</subfield><subfield code="f">88547</subfield><subfield code="i">99.95</subfield><subfield code="j">81.96</subfield><subfield code="n">40032296286</subfield></datafield><datafield tag="982" ind1=" " ind2=" "><subfield code="c">f</subfield><subfield code="q">32101119563698</subfield></datafield><datafield tag="950" ind1=" " ind2=" "><subfield code="c">2024-07-25 05:42:18 US/Eastern</subfield><subfield code="b">2024-06-05 04:06:57 US/Eastern</subfield><subfield code="a">false</subfield></datafield><datafield tag="852" ind1="0" ind2=" "><subfield code="b">firestone</subfield><subfield code="c">stacks</subfield><subfield code="h">PN849.G74</subfield><subfield code="i">C75 2024</subfield><subfield code="8">221020387430006421</subfield></datafield><datafield tag="952" ind1=" " ind2=" "><subfield code="d">2024-06-05 08:16:12</subfield><subfield code="8">221020387430006421</subfield><subfield code="a">2024-06-05 08:16:12</subfield><subfield code="b">Firestone Library</subfield><subfield code="c">stacks: Firestone Library</subfield><subfield code="e">false</subfield></datafield><datafield tag="876" ind1=" " ind2=" "><subfield code="0">221020387430006421</subfield><subfield code="a">231020387420006421</subfield><subfield code="j">1</subfield><subfield code="z">stacks</subfield><subfield code="d">2024-06-05 04:16:12 US/Eastern</subfield><subfield code="p">32101119563698</subfield><subfield code="y">firestone</subfield></datafield></record>