<record><leader>06864cam a2200769 i 4500</leader><controlfield tag="005">20250109030648.0</controlfield><controlfield tag="008">211223t20222022bcca     b    010 0 eng  </controlfield><controlfield tag="001">99130295929106421</controlfield><datafield tag="019" ind1=" " ind2=" "><subfield code="a">1289734339</subfield><subfield code="a">1289870720</subfield></datafield><datafield tag="020" ind1=" " ind2=" "><subfield code="a">9781553806622</subfield></datafield><datafield tag="020" ind1=" " ind2=" "><subfield code="a">155380662X</subfield><subfield code="q">(softcover)</subfield></datafield><datafield tag="035" ind1=" " ind2=" "><subfield code="a">(OCoLC)on1289920536</subfield></datafield><datafield tag="040" ind1=" " ind2=" "><subfield code="a">NLC</subfield><subfield code="b">eng</subfield><subfield code="e">rda</subfield><subfield code="c">YDX</subfield><subfield code="d">NLC</subfield><subfield code="d">UBC</subfield><subfield code="d">OCLCF</subfield><subfield code="d">UAB</subfield><subfield code="d">YDX</subfield><subfield code="d">PAU</subfield><subfield code="d">J9U</subfield><subfield code="d">UKMGB</subfield><subfield code="d">DCK</subfield><subfield code="d">OCL</subfield><subfield code="d">MUU</subfield></datafield><datafield tag="042" ind1=" " ind2=" "><subfield code="a">lac</subfield></datafield><datafield tag="043" ind1=" " ind2=" "><subfield code="a">n-cn-bc</subfield></datafield><datafield tag="050" ind1=" " ind2="4"><subfield code="a">PR9198.2.B7</subfield><subfield code="b">T947 2022</subfield></datafield><datafield tag="050" ind1=" " ind2="4"><subfield code="a">PR9198.2.B83</subfield><subfield code="b">T947 2022</subfield></datafield><datafield tag="055" ind1=" " ind2="0"><subfield code="a">PS8131.B7</subfield><subfield code="b">T85 2022</subfield></datafield><datafield tag="082" ind1="0" ind2="4"><subfield code="a">810.9/35840531809711</subfield><subfield code="2">23/eng/20220906</subfield></datafield><datafield tag="084" ind1=" " ind2=" "><subfield code="a">cci1icc</subfield><subfield code="2">lacc</subfield></datafield><datafield tag="100" ind1="1" ind2=" "><subfield code="a">Twigg, Alan,</subfield><subfield code="d">1952-</subfield><subfield code="e">author.</subfield></datafield><datafield tag="245" ind1="1" ind2="0"><subfield code="a">Out of hiding :</subfield><subfield code="b">Holocaust literature of British Columbia : an historical survey in appreciation of Robert Krell /</subfield><subfield code="c">Alan Twigg ; afterword by Yosef Wosk.</subfield></datafield><datafield tag="264" ind1=" " ind2="1"><subfield code="a">Vancouver, B.C., Canada :</subfield><subfield code="b">Ronsdale Press,</subfield><subfield code="c">[2022]</subfield></datafield><datafield tag="264" ind1=" " ind2="4"><subfield code="c">©2022</subfield></datafield><datafield tag="300" ind1=" " ind2=" "><subfield code="a">327 pages :</subfield><subfield code="b">illustrations ;</subfield><subfield code="c">23 cm</subfield></datafield><datafield tag="336" ind1=" " ind2=" "><subfield code="a">text</subfield><subfield code="b">txt</subfield><subfield code="2">rdacontent</subfield></datafield><datafield tag="336" ind1=" " ind2=" "><subfield code="a">still image</subfield><subfield code="b">sti</subfield><subfield code="2">rdacontent</subfield></datafield><datafield tag="337" ind1=" " ind2=" "><subfield code="a">unmediated</subfield><subfield code="b">n</subfield><subfield code="2">rdamedia</subfield></datafield><datafield tag="338" ind1=" " ind2=" "><subfield code="a">volume</subfield><subfield code="b">nc</subfield><subfield code="2">rdacarrier</subfield></datafield><datafield tag="504" ind1=" " ind2=" "><subfield code="a">Includes bibliographical references.</subfield></datafield><datafield tag="520" ind1=" " ind2=" "><subfield code="a">"There will soon be no eye-witnesses to the Holocaust. As Tolstoy famously put it, what is to be done? One answer is Out of Hiding, a cross-section of stories collected from one region of the globe --British Columbia, Canada--examining 85 authors and 160 books. Outstanding characters include the heroic whistleblower, Rudolf Vrba, credited by historian Sir Martin Gilbert with saving at least 100,000 lives, as well as Robbie Waisman, likely the only person ever to sneak his way into Nazi prison camps, twice. Discoveries include Dr. Tom Perry's never-published photos of just-liberated Buchenwald, a little-known Warsaw Ghetto memoir by Stanislav Adler and Jennie Lifschitz, perhaps the only Canadian-born Jew to have survived the camps. This wide-ranging collection is dedicated to Dutch-born survivor Robert Krell--the MLK of Holocaust education in Canada--who has dauntlessly paved the way for memory retrieval since the 1970s. Illustrated and profoundly educational, with an Afterword by Yosef Wosk, this patchwork quilt of memory and history is the first of its kind to have a regional lens from somewhere in North America."--</subfield><subfield code="c">Provided by publisher.</subfield></datafield><datafield tag="530" ind1=" " ind2=" "><subfield code="a">Issued also in electronic formats.</subfield></datafield><datafield tag="505" ind1="0" ind2=" "><subfield code="a">Part 1. Leaders. Vrba, Rudolf (Czechoslovakia) ; Waisman, Robert (Poland) ; Krell, Robert (Netherlands) -- Part 2. Chorus. Adderson, Caroline (Poland) ; Alma, Ann (Netherlands) ; Birnie, Lisa Hobbs (Canada) ; Bluman, Barbara Ruth (Poland) ; Boraks-Nemetz, Lillian (Poland) ; Buckman, Alex (Belgium) ; Cornwall, Claudia (Shanghai) ; Drabek, Jan (Czechoslovakia) ; Floris, Steve (Hungary) ; Frie, Roger (Germany) ; Frinton, Ernst (Czechoslovakia) ; Gallant, Mary J. (various) ; Gold, Foe (Hungary) ; Goldberg, Adara (Canada) ; Goldman, Rene (France) ; Granirer, Pnina (Romania) ; Harvey, Stella Leventoyannis (Greece) ; Hay, Peter (Israel) ; Hoffman, Eva (Poland) ; Kaellis, Rhoda (various) ; Kalla, Daniel (Shanghai) ; Kahn, Leon (Lithuania) ; Karwowska, Bozena (various) ; Kirk, H. David (Germany) ; Komar, Leon (various) ; Kremer, Roberta S. (Germany) ; Kujundzic, Zeljko (Yugoslavia) ; Lester, David (Germany) ; Linn, Ruth (Israel) ; Martz, Fraidie (Canada) ; Mazzeo, Tilar J. (France, Poland) ; Medvedeva-Nathoo, Galina (Kazakhstan) ; Mermelstein, Robert (Ukraine) ; Mielnicki, Michel (Poland) ; Mines, Rachel (Latvia) ; Moore, Gudrun (Ukraine) ; Moszkiewiez, Helene (Belgium) ; Nicholls, William (various) ; Oberlander, H. Peter (Austria, Canada) ; Pringle, Heather (various) ; Propp, Dan (Bolivia) ; Rogow, Sally (various) ; Salcudean, Martha (Romania) ; Schallie, Charlotte (Hungary) ; Schochet, Simon (Germany) ; Schoen, Walter (Sudetenland) ; Shandler, Rhodea (Netherlands) ; Sicherman, Claire (Belarus) ; Sigal, Ruth Kron &amp; Keith Morgan (Lithuania) ; Slyomovics, Susan (Ukraine, Israel) ; Sonnenschein, Bronia (Poland) ; Suedfeld, Peter (Hungary) ; Tregebov, Rhea (France) ; Watts, Irene N. (Germany, Great Britain) ; Wilkes, Helen (Czechoslovakia) ; Zeldowicz, Lola (Poland) ; Zuehlke, Mark (various) -- Part 3. Also singing. Biddiscombe, Perry, Boehm, Heige ; Campbell, Olga ; Edugyan, Esi ; Dixon, Jack ; Drzewiecki, Mary A. ; Gerber, Jean Miriam ; Hier, Rabbi Marvin ; Kaellis, Eugene ; Kaplinski, Solly ; Karsai, Andrew ; Kemeny, Robert L. ; Lammers, John ; Martin, Nikolaus ; Matas, Carol ; Menkis, Richard ; Middelmann, Robert ; Milman, Isa ; Pal, George L. ; Penn, Ian ; Rawin, Norman ; Rotberg, Howard ; Serota, Phyllis ; Upton, Colin ; Windley, Carol ; Wilson, Robert -- Part 4. One doctor, two rabbis. Somewhere in Germany / Dr. Tom Perry ; Lulek's story / Rabbi Meir Lau ; On hiding / Rabbi Yosef Wosk.</subfield></datafield><datafield tag="650" ind1=" " ind2="0"><subfield code="a">Canadian literature</subfield><subfield code="z">British Columbia</subfield><subfield code="x">History and criticism.</subfield></datafield><datafield tag="650" ind1=" " ind2="0"><subfield code="a">Holocaust survivors' writings.</subfield></datafield><datafield tag="650" ind1=" " ind2="0"><subfield code="a">Holocaust survivors' writings</subfield><subfield code="x">History and criticism.</subfield></datafield><datafield tag="650" ind1=" " ind2="0"><subfield code="a">Holocaust, Jewish (1939-1945), in literature.</subfield></datafield><datafield tag="650" ind1=" " ind2="0"><subfield code="a">Holocaust survivors</subfield><subfield code="z">British Columbia.</subfield></datafield><datafield tag="650" ind1=" " ind2="0"><subfield code="a">Jews</subfield><subfield code="z">British Columbia.</subfield></datafield><datafield tag="650" ind1=" " ind2="0"><subfield code="a">Jews, Canadian</subfield><subfield code="z">British Columbia.</subfield></datafield><datafield tag="650" ind1=" " ind2="7"><subfield code="a">Canadian literature.</subfield><subfield code="2">fast</subfield><subfield code="0">(OCoLC)fst00845111</subfield></datafield><datafield tag="650" ind1=" " ind2="7"><subfield code="a">Holocaust, Jewish (1939-1945) in literature.</subfield><subfield code="2">fast</subfield><subfield code="0">(OCoLC)fst00958923</subfield></datafield><datafield tag="650" ind1=" " ind2="7"><subfield code="a">Holocaust survivors.</subfield><subfield code="2">fast</subfield><subfield code="0">(OCoLC)fst00958838</subfield></datafield><datafield tag="650" ind1=" " ind2="7"><subfield code="a">Holocaust survivors' writings.</subfield><subfield code="2">fast</subfield><subfield code="0">(OCoLC)fst00958863</subfield></datafield><datafield tag="650" ind1=" " ind2="7"><subfield code="a">Jews.</subfield><subfield code="2">fast</subfield><subfield code="0">(OCoLC)fst00983135</subfield></datafield><datafield tag="650" ind1=" " ind2="7"><subfield code="a">Jews, Canadian.</subfield><subfield code="2">fast</subfield><subfield code="0">(OCoLC)fst00983427</subfield></datafield><datafield tag="651" ind1=" " ind2="7"><subfield code="a">British Columbia.</subfield><subfield code="2">fast</subfield><subfield code="0">(OCoLC)fst01205265</subfield></datafield><datafield tag="650" ind1=" " ind2="7"><subfield code="a">Canadian literature</subfield><subfield code="z">British Columbia</subfield><subfield code="x">History and criticism</subfield><subfield code="2">nli</subfield></datafield><datafield tag="650" ind1=" " ind2="7"><subfield code="a">Holocaust survivors' writings</subfield><subfield code="2">nli</subfield></datafield><datafield tag="650" ind1=" " ind2="7"><subfield code="a">Holocaust survivors' writings</subfield><subfield code="x">History and criticism</subfield><subfield code="2">nli</subfield></datafield><datafield tag="650" ind1=" " ind2="7"><subfield code="a">Holocaust, Jewish (1939-1945), in literature</subfield><subfield code="2">nli</subfield></datafield><datafield tag="650" ind1=" " ind2="7"><subfield code="a">Holocaust survivors</subfield><subfield code="z">British Columbia</subfield><subfield code="2">nli</subfield></datafield><datafield tag="650" ind1=" " ind2="7"><subfield code="a">Jews</subfield><subfield code="z">British Columbia</subfield><subfield code="2">nli</subfield></datafield><datafield tag="655" ind1=" " ind2="7"><subfield code="a">Literary criticism</subfield><subfield code="2">fast</subfield><subfield code="0">(OCoLC)fst01986215</subfield></datafield><datafield tag="655" ind1=" " ind2="7"><subfield code="a">Criticism, interpretation, etc.</subfield><subfield code="2">fast</subfield><subfield code="0">(OCoLC)fst01411635</subfield></datafield><datafield tag="655" ind1=" " ind2="7"><subfield code="a">Literary criticism.</subfield><subfield code="2">lcgft</subfield></datafield><datafield tag="700" ind1="1" ind2=" "><subfield code="a">Krell, Robert,</subfield><subfield code="e">honoree.</subfield></datafield><datafield tag="700" ind1="1" ind2=" "><subfield code="a">Wosk, Yosef,</subfield><subfield code="e">author of afterword, colophon, etc.</subfield></datafield><datafield tag="776" ind1="0" ind2="8"><subfield code="i">Online version:</subfield><subfield code="a">Twigg, Alan, 1952-</subfield><subfield code="t">Out of hiding.</subfield><subfield code="d">Vancouver, British Columbia : Ronsdale Press, 2022</subfield><subfield code="z">1553806638</subfield><subfield code="z">9781553806639</subfield><subfield code="w">(OCoLC)1291894631</subfield></datafield><datafield tag="902" ind1=" " ind2=" "><subfield code="a">910053784</subfield><subfield code="w">copy</subfield><subfield code="1">20241231145157.0</subfield></datafield><datafield tag="910" ind1=" " ind2=" "><subfield code="c">F1702mo</subfield><subfield code="d">3110-10</subfield><subfield code="g">YBP</subfield></datafield><datafield tag="914" ind1=" " ind2=" "><subfield code="a">(OCoLC)on1289920536</subfield><subfield code="b">OCoLC</subfield><subfield code="c">match</subfield><subfield code="d">20250108</subfield><subfield code="e">processed</subfield><subfield code="f">1289920536</subfield></datafield><datafield tag="960" ind1=" " ind2=" "><subfield code="o">1</subfield><subfield code="z">USD</subfield></datafield><datafield tag="961" ind1=" " ind2=" "><subfield code="f">WBT</subfield><subfield code="m">311010</subfield><subfield code="n">Paper</subfield></datafield><datafield tag="980" ind1=" " ind2=" "><subfield code="a">17776013</subfield><subfield code="i">24.95</subfield></datafield><datafield tag="982" ind1=" " ind2=" "><subfield code="c">rcppa</subfield></datafield><datafield tag="984" ind1=" " ind2=" "><subfield code="a">20240328</subfield><subfield code="b">142913</subfield><subfield code="c">YBP-US</subfield></datafield><datafield tag="950" ind1=" " ind2=" "><subfield code="c">2025-01-09 03:06:48 US/Eastern</subfield><subfield code="b">2024-04-03 11:10:00 US/Eastern</subfield><subfield code="a">false</subfield></datafield><datafield tag="852" ind1="0" ind2=" "><subfield code="b">recap</subfield><subfield code="c">pa</subfield><subfield code="h">PR9198.2.B7</subfield><subfield code="i">T947 2022</subfield><subfield code="8">221015607650006421</subfield></datafield><datafield tag="952" ind1=" " ind2=" "><subfield code="d">2024-04-03 15:12:28</subfield><subfield code="8">221015607650006421</subfield><subfield code="a">2024-04-03 15:12:28</subfield><subfield code="b">ReCAP</subfield><subfield code="c">rcppa: RECAP</subfield><subfield code="e">false</subfield></datafield><datafield tag="876" ind1=" " ind2=" "><subfield code="0">221015607650006421</subfield><subfield code="a">231015607640006421</subfield><subfield code="j">1</subfield><subfield code="z">pa</subfield><subfield code="d">2024-04-03 11:12:29 US/Eastern</subfield><subfield code="p">32101112286768</subfield><subfield code="y">recap</subfield></datafield></record>