<record><leader>01527nam a2200361 i 4500</leader><controlfield tag="001">99130261386006421</controlfield><controlfield tag="005">20240402225624.0</controlfield><controlfield tag="006">m     o  d |      </controlfield><controlfield tag="007">cr cnu||||||||</controlfield><controlfield tag="008">240402s2022    onca    o     000 1 eng d</controlfield><datafield tag="020" ind1=" " ind2=" "><subfield code="a">1-4875-4200-3</subfield></datafield><datafield tag="020" ind1=" " ind2=" "><subfield code="a">1-4875-4201-1</subfield></datafield><datafield tag="024" ind1="7" ind2=" "><subfield code="a">10.3138/9781487542009</subfield><subfield code="2">doi</subfield></datafield><datafield tag="035" ind1=" " ind2=" "><subfield code="a">(MiAaPQ)EBC6914846</subfield></datafield><datafield tag="035" ind1=" " ind2=" "><subfield code="a">(Au-PeEL)EBL6914846</subfield></datafield><datafield tag="035" ind1=" " ind2=" "><subfield code="a">(CKB)21382757900041</subfield></datafield><datafield tag="035" ind1=" " ind2=" "><subfield code="a">(DE-B1597)618935</subfield></datafield><datafield tag="035" ind1=" " ind2=" "><subfield code="a">(DE-B1597)9781487542009</subfield></datafield><datafield tag="035" ind1=" " ind2=" "><subfield code="a">(OCoLC)1261310341</subfield></datafield><datafield tag="035" ind1=" " ind2=" "><subfield code="a">(MdBmJHUP)musev2_109038</subfield></datafield><datafield tag="035" ind1=" " ind2=" "><subfield code="a">(EXLCZ)9921382757900041</subfield></datafield><datafield tag="040" ind1=" " ind2=" "><subfield code="a">MiAaPQ</subfield><subfield code="b">eng</subfield><subfield code="e">rda</subfield><subfield code="e">pn</subfield><subfield code="c">MiAaPQ</subfield><subfield code="d">MiAaPQ</subfield></datafield><datafield tag="044" ind1=" " ind2=" "><subfield code="a">onc</subfield><subfield code="c">CA-ON</subfield></datafield><datafield tag="050" ind1=" " ind2="4"><subfield code="a">PR6019.O9</subfield><subfield code="b">.O645 2022</subfield></datafield><datafield tag="072" ind1=" " ind2="7"><subfield code="a">LIT004120</subfield><subfield code="2">bisacsh</subfield></datafield><datafield tag="082" ind1="0" ind2=" "><subfield code="a">823.912</subfield><subfield code="2">23</subfield></datafield><datafield tag="100" ind1="1" ind2=" "><subfield code="a">O'Neill, Patrick,</subfield><subfield code="d">1935-</subfield><subfield code="e">author.</subfield></datafield><datafield tag="245" ind1="1" ind2="0"><subfield code="a">Finnegans Wakes :</subfield><subfield code="b">Tales of Translation /</subfield><subfield code="c">Patrick O'Neill.</subfield></datafield><datafield tag="250" ind1=" " ind2=" "><subfield code="a">First edition.</subfield></datafield><datafield tag="264" ind1=" " ind2="1"><subfield code="a">Toronto, Ontario :</subfield><subfield code="b">University of Toronto Press,</subfield><subfield code="c">[2022]</subfield></datafield><datafield tag="264" ind1=" " ind2="4"><subfield code="c">©2022</subfield></datafield><datafield tag="300" ind1=" " ind2=" "><subfield code="a">1 online resource (412 pages)</subfield></datafield><datafield tag="336" ind1=" " ind2=" "><subfield code="a">text</subfield><subfield code="b">txt</subfield><subfield code="2">rdacontent</subfield></datafield><datafield tag="337" ind1=" " ind2=" "><subfield code="a">computer</subfield><subfield code="b">c</subfield><subfield code="2">rdamedia</subfield></datafield><datafield tag="338" ind1=" " ind2=" "><subfield code="a">online resource</subfield><subfield code="b">cr</subfield><subfield code="2">rdacarrier</subfield></datafield><datafield tag="588" ind1=" " ind2=" "><subfield code="a">Description based on publisher supplied metadata and other sources.</subfield></datafield><datafield tag="505" ind1="0" ind2="0"><subfield code="t">Frontmatter --</subfield><subfield code="t">Contents --</subfield><subfield code="t">Acknowledgments --</subfield><subfield code="t">Introduction --</subfield><subfield code="t">Chapter One. Wake in Progress: 1930s to 2020s --</subfield><subfield code="t">Chapter Two. The 1930s --</subfield><subfield code="t">Chapter Three. The 1940s and 1950s --</subfield><subfield code="t">Chapter Four. The 1960s --</subfield><subfield code="t">Chapter Five. The 1970s --</subfield><subfield code="t">Chapter Six. The 1980s --</subfield><subfield code="t">Chapter Seven. The 1990s --</subfield><subfield code="t">Chapter Eight. The 2000s --</subfield><subfield code="t">Chapter Nine. The 2010s --</subfield><subfield code="t">Chapter Ten. The 2020s --</subfield><subfield code="t">Conclusion --</subfield><subfield code="t">Appendix 1: Translators, Titles, Texts --</subfield><subfield code="t">Appendix 2: Anna Livia Plurilingual --</subfield><subfield code="t">Bibliography --</subfield><subfield code="t">Index</subfield></datafield><datafield tag="520" ind1=" " ind2=" "><subfield code="a">"James Joyce's astonishing final text, Finnegans Wake (1939), is universally acknowledged to be entirely untranslatable. And yet, no fewer than fifteen complete renderings of the 628-page text exist to date, in twelve different languages altogether--and at least ten further complete renderings have been announced as underway for publication in the early 2020s, in nine different languages. Finnegans Wakes delineates, for the first time in any language, the international history of these renderings and discusses the multiple issues faced by translators. The book also comments on partial and fragmentary renderings from some thirty languages altogether, including such perhaps unexpected languages as Galician, Guarani, Chinese, Korean, Turkish, and Irish, not to mention Latin and Ancient Egyptian. Excerpts from individual renderings are analysed in detail, together with brief biographical notes on numerous individual translators. Chronicling renderings spanning multiple decades, Finnegans Wakes illustrates the capacity of Joyce's final text to generate an inexhaustible multiplicity of possible meanings among the ever-increasing number of its impossible translations."--</subfield><subfield code="c">Provided by publisher.</subfield></datafield><datafield tag="588" ind1=" " ind2=" "><subfield code="a">Description based on print version record.</subfield></datafield><datafield tag="650" ind1=" " ind2="0"><subfield code="a">British literature.</subfield></datafield><datafield tag="600" ind1="1" ind2="0"><subfield code="a">Joyce, James,</subfield><subfield code="d">1882-1941</subfield><subfield code="x">Translations</subfield><subfield code="x">History and criticism.</subfield></datafield><datafield tag="600" ind1="1" ind2="0"><subfield code="a">Joyce, James,</subfield><subfield code="d">1882-1941.</subfield><subfield code="t">Finnegans wake.</subfield></datafield><datafield tag="776" ind1="0" ind2="8"><subfield code="i">Print version:</subfield><subfield code="a">O'Neill, Patrick</subfield><subfield code="t">Finnegans Wakes</subfield><subfield code="d">Toronto : University of Toronto Press,c2022</subfield><subfield code="z">9781487541996</subfield></datafield><datafield tag="906" ind1=" " ind2=" "><subfield code="a">BOOK</subfield></datafield><datafield tag="950" ind1=" " ind2=" "><subfield code="c">2024-04-18 08:38:09 US/Eastern</subfield><subfield code="b">2022-03-11 03:13:45 US/Eastern</subfield><subfield code="a">false</subfield></datafield><datafield tag="951" ind1=" " ind2=" "><subfield code="v">2024-03-16 12:38:15 US/Eastern</subfield><subfield code="g">Ebook Central</subfield><subfield code="u">System</subfield><subfield code="t">2024-03-16 12:37:55 US/Eastern</subfield><subfield code="x">https://na05.alma.exlibrisgroup.com/view/uresolver/01PRI_INST/openurl?u.ignore_date_coverage=true&amp;portfolio_pid=531014826740006421&amp;Force_direct=true</subfield><subfield code="s">System</subfield><subfield code="0">531014826740006421</subfield><subfield code="w">2024-03-16 16:37:55</subfield><subfield code="f">false</subfield><subfield code="m">61889859990006421</subfield><subfield code="n">Ebook Central Perpetual, DDA and Subscription Titles</subfield><subfield code="b">param</subfield><subfield code="1">62889859980006421</subfield><subfield code="c">d?u.ignore_date_coverage=true&amp;rft.mms_id=99130261386006421</subfield><subfield code="a">Available</subfield><subfield code="l">614330000000000002</subfield><subfield code="e">BOOK</subfield><subfield code="8">531014826740006421</subfield></datafield></record>