<record><leader>04735nam a22007095i 4500</leader><controlfield tag="001">99130261273806421</controlfield><controlfield tag="005">20230205051354.0</controlfield><controlfield tag="006">m|||||o||d||||||||</controlfield><controlfield tag="007">cr cnu||||||||</controlfield><controlfield tag="008">200406t20192018onc    fo  d z      eng d</controlfield><datafield tag="020" ind1=" " ind2=" "><subfield code="a">9781487517953</subfield></datafield><datafield tag="020" ind1=" " ind2=" "><subfield code="a">1487517955</subfield></datafield><datafield tag="020" ind1=" " ind2=" "><subfield code="a">9781487517946</subfield></datafield><datafield tag="020" ind1=" " ind2=" "><subfield code="a">1487517947</subfield></datafield><datafield tag="024" ind1="7" ind2=" "><subfield code="a">10.3138/9781487517946</subfield><subfield code="2">doi</subfield></datafield><datafield tag="035" ind1=" " ind2=" "><subfield code="a">(CKB)4340000000264813</subfield></datafield><datafield tag="035" ind1=" " ind2=" "><subfield code="a">(MiAaPQ)EBC5347706</subfield></datafield><datafield tag="035" ind1=" " ind2=" "><subfield code="a">(DE-B1597)498394</subfield></datafield><datafield tag="035" ind1=" " ind2=" "><subfield code="a">(OCoLC)1083617623</subfield></datafield><datafield tag="035" ind1=" " ind2=" "><subfield code="a">(DE-B1597)9781487517946</subfield></datafield><datafield tag="035" ind1=" " ind2=" "><subfield code="a">(OCoLC)1031706399</subfield></datafield><datafield tag="035" ind1=" " ind2=" "><subfield code="a">(MdBmJHUP)musev2_107840</subfield></datafield><datafield tag="035" ind1=" " ind2=" "><subfield code="a">(Perlego)966313</subfield></datafield><datafield tag="035" ind1=" " ind2=" "><subfield code="a">(EXLCZ)994340000000264813</subfield></datafield><datafield tag="040" ind1=" " ind2=" "><subfield code="a">DE-B1597</subfield><subfield code="b">eng</subfield><subfield code="c">DE-B1597</subfield><subfield code="e">rda</subfield></datafield><datafield tag="041" ind1="0" ind2=" "><subfield code="a">eng</subfield></datafield><datafield tag="044" ind1=" " ind2=" "><subfield code="a">onc</subfield><subfield code="c">CA-ON</subfield></datafield><datafield tag="050" ind1=" " ind2="4"><subfield code="a">PN56.3.I6</subfield><subfield code="b">.R534 2018</subfield></datafield><datafield tag="072" ind1=" " ind2="7"><subfield code="a">LIT024030</subfield><subfield code="2">bisacsh</subfield></datafield><datafield tag="082" ind1="0" ind2="4"><subfield code="a">820.9/5299709033</subfield><subfield code="2">23</subfield></datafield><datafield tag="100" ind1="1" ind2=" "><subfield code="a">Richardson, Robbie, </subfield><subfield code="e">author.</subfield><subfield code="4">aut</subfield><subfield code="4">http://id.loc.gov/vocabulary/relators/aut</subfield></datafield><datafield tag="245" ind1="1" ind2="4"><subfield code="a">The Savage and Modern Self :</subfield><subfield code="b">North American Indians in Eighteenth-Century British Literature and Culture /</subfield><subfield code="c">Robbie Richardson.</subfield></datafield><datafield tag="264" ind1=" " ind2="1"><subfield code="a">Toronto : </subfield><subfield code="b">University of Toronto Press, </subfield><subfield code="c">[2019]</subfield></datafield><datafield tag="264" ind1=" " ind2="4"><subfield code="c">©2018</subfield></datafield><datafield tag="300" ind1=" " ind2=" "><subfield code="a">1 online resource (258 pages)</subfield></datafield><datafield tag="336" ind1=" " ind2=" "><subfield code="a">text</subfield><subfield code="b">txt</subfield><subfield code="2">rdacontent</subfield></datafield><datafield tag="337" ind1=" " ind2=" "><subfield code="a">computer</subfield><subfield code="b">c</subfield><subfield code="2">rdamedia</subfield></datafield><datafield tag="338" ind1=" " ind2=" "><subfield code="a">online resource</subfield><subfield code="b">cr</subfield><subfield code="2">rdacarrier</subfield></datafield><datafield tag="588" ind1="0" ind2=" "><subfield code="a">Description based on online resource; title from PDF title page (publisher's Web site, viewed 06. Apr 2020)</subfield></datafield><datafield tag="546" ind1=" " ind2=" "><subfield code="a">In English.</subfield></datafield><datafield tag="505" ind1="0" ind2=" "><subfield code="a">Introduction -- Indians and the construction of Britishness in the early eighteenth century -- The indian as cultural critic : shaping the British self -- Captivity narratives and colonialism -- Novel indians: Tsonnonthouan and the commodification of culture -- Becoming Indians : sentiment and the hybrid British subject -- Native North American material culture in the British imaginary -- Conclusion : "pen-and-ink work."</subfield></datafield><datafield tag="520" ind1=" " ind2=" "><subfield code="a">"The Savage and Modern Self examines the representations of North American "Indians" in novels, poetry, plays, and material culture from eighteenth-century Britain. Author Robbie Richardson argues that depictions of "Indians" in British literature were used to critique and articulate evolving ideas about consumerism, colonialism, "Britishness," and, ultimately, the "modern self" over the course of the century. Considering the ways in which British writers represented contact between Britons and "Indians," both at home and abroad, the author shows how these sites of contact moved from a self-affirmation of British authority earlier in the century, to a mutual corruption, to a desire to appropriate perceived traits of "Indianess." Looking at texts exclusively produced in Britain, The Savage and Modern Self reveals that "the modern" finds definition through imagined scenes of cultural contact. By the end of the century, Richardson concludes, the hybrid Indian-Brition emerging in literature and visual culture exemplifies a form of modern, British masculinity."--Provided by publisher</subfield></datafield><datafield tag="530" ind1=" " ind2=" "><subfield code="a">Issued also in print.</subfield></datafield><datafield tag="650" ind1=" " ind2="0"><subfield code="a">Indians in literature.</subfield></datafield><datafield tag="650" ind1=" " ind2="0"><subfield code="a">English literature</subfield><subfield code="y">18th century</subfield><subfield code="x">History and criticism.</subfield></datafield><datafield tag="650" ind1=" " ind2="0"><subfield code="a">National characteristics, British, in literature.</subfield></datafield><datafield tag="776" ind1="0" ind2="8"><subfield code="z">9781487503444</subfield></datafield><datafield tag="776" ind1="0" ind2="8"><subfield code="z">148750344X</subfield></datafield><datafield tag="906" ind1=" " ind2=" "><subfield code="a">BOOK</subfield></datafield><datafield tag="950" ind1=" " ind2=" "><subfield code="c">2025-04-13 08:26:25 US/Eastern</subfield><subfield code="b">2018-05-12 12:41:47 US/Eastern</subfield><subfield code="a">false</subfield></datafield><datafield tag="951" ind1=" " ind2=" "><subfield code="v">2024-03-16 12:36:17 US/Eastern</subfield><subfield code="g">Ebook Central</subfield><subfield code="u">System</subfield><subfield code="t">2024-03-16 12:36:06 US/Eastern</subfield><subfield code="x">https://na05.alma.exlibrisgroup.com/view/uresolver/01PRI_INST/openurl?u.ignore_date_coverage=true&amp;portfolio_pid=531014817200006421&amp;Force_direct=true</subfield><subfield code="s">System</subfield><subfield code="0">531014817200006421</subfield><subfield code="w">2024-03-16 16:36:06</subfield><subfield code="f">false</subfield><subfield code="m">61889859990006421</subfield><subfield code="n">Ebook Central Perpetual, DDA and Subscription Titles</subfield><subfield code="b">param</subfield><subfield code="1">62889859980006421</subfield><subfield code="c">d?u.ignore_date_coverage=true&amp;rft.mms_id=99130261273806421</subfield><subfield code="a">Available</subfield><subfield code="l">614330000000000002</subfield><subfield code="e">BOOK</subfield><subfield code="8">531014817200006421</subfield></datafield></record>