<record><leader>01408nam  2200337Ia 4500</leader><controlfield tag="001">99129230916806421</controlfield><controlfield tag="005">20200520144314.0</controlfield><controlfield tag="006">m     o  d |      </controlfield><controlfield tag="007">cr -n---------</controlfield><controlfield tag="008">111115s2012    enka    ob    001 0 eng d</controlfield><datafield tag="020" ind1=" " ind2=" "><subfield code="a">1-315-59266-5</subfield></datafield><datafield tag="020" ind1=" " ind2=" "><subfield code="a">1-317-10435-8</subfield></datafield><datafield tag="020" ind1=" " ind2=" "><subfield code="a">1-317-10434-X</subfield></datafield><datafield tag="020" ind1=" " ind2=" "><subfield code="a">1-280-69009-7</subfield></datafield><datafield tag="020" ind1=" " ind2=" "><subfield code="a">9786613667038</subfield></datafield><datafield tag="020" ind1=" " ind2=" "><subfield code="a">1-4094-3675-6</subfield></datafield><datafield tag="035" ind1=" " ind2=" "><subfield code="a">(CKB)2670000000174495</subfield></datafield><datafield tag="035" ind1=" " ind2=" "><subfield code="a">(EBL)883343</subfield></datafield><datafield tag="035" ind1=" " ind2=" "><subfield code="a">(OCoLC)784886041</subfield></datafield><datafield tag="035" ind1=" " ind2=" "><subfield code="a">(SSID)ssj0000637906</subfield></datafield><datafield tag="035" ind1=" " ind2=" "><subfield code="a">(PQKBManifestationID)12311409</subfield></datafield><datafield tag="035" ind1=" " ind2=" "><subfield code="a">(PQKBTitleCode)TC0000637906</subfield></datafield><datafield tag="035" ind1=" " ind2=" "><subfield code="a">(PQKBWorkID)10707475</subfield></datafield><datafield tag="035" ind1=" " ind2=" "><subfield code="a">(PQKB)11655717</subfield></datafield><datafield tag="035" ind1=" " ind2=" "><subfield code="a">(Au-PeEL)EBL883343</subfield></datafield><datafield tag="035" ind1=" " ind2=" "><subfield code="a">(CaPaEBR)ebr10546711</subfield></datafield><datafield tag="035" ind1=" " ind2=" "><subfield code="a">(CaONFJC)MIL922625</subfield></datafield><datafield tag="035" ind1=" " ind2=" "><subfield code="a">(Au-PeEL)EBL5294068</subfield></datafield><datafield tag="035" ind1=" " ind2=" "><subfield code="a">(CaONFJC)MIL366703</subfield></datafield><datafield tag="035" ind1=" " ind2=" "><subfield code="a">(OCoLC)1027159474</subfield></datafield><datafield tag="035" ind1=" " ind2=" "><subfield code="a">(MiAaPQ)EBC883343</subfield></datafield><datafield tag="035" ind1=" " ind2=" "><subfield code="a">(MiAaPQ)EBC5294068</subfield></datafield><datafield tag="035" ind1=" " ind2=" "><subfield code="a">(EXLCZ)992670000000174495</subfield></datafield><datafield tag="040" ind1=" " ind2=" "><subfield code="a">MiAaPQ</subfield><subfield code="b">eng</subfield><subfield code="e">rda</subfield><subfield code="e">pn</subfield><subfield code="c">MiAaPQ</subfield><subfield code="d">MiAaPQ</subfield></datafield><datafield tag="041" ind1=" " ind2=" "><subfield code="a">eng</subfield></datafield><datafield tag="050" ind1=" " ind2="4"><subfield code="a">PR428.G37</subfield><subfield code="b">T54 2012</subfield></datafield><datafield tag="082" ind1="0" ind2=" "><subfield code="a">820.9/364</subfield><subfield code="2">23</subfield></datafield><datafield tag="100" ind1="1" ind2=" "><subfield code="a">Tigner, Amy L.</subfield></datafield><datafield tag="245" ind1="1" ind2="0"><subfield code="a">Literature and the Renaissance garden from Elizabeth I to Charles II :</subfield><subfield code="b">England's Paradise /</subfield><subfield code="c">Amy L. Tigner.</subfield></datafield><datafield tag="250" ind1=" " ind2=" "><subfield code="a">1st ed.</subfield></datafield><datafield tag="260" ind1=" " ind2=" "><subfield code="a">Farnham, Surrey, U.K. ;</subfield><subfield code="a">Burlington, VT :</subfield><subfield code="b">Ashgate Pub.,</subfield><subfield code="c">2012.</subfield></datafield><datafield tag="300" ind1=" " ind2=" "><subfield code="a">1 online resource (284 p.)</subfield></datafield><datafield tag="336" ind1=" " ind2=" "><subfield code="a">text</subfield><subfield code="b">txt</subfield></datafield><datafield tag="337" ind1=" " ind2=" "><subfield code="a">computer</subfield><subfield code="b">c</subfield></datafield><datafield tag="338" ind1=" " ind2=" "><subfield code="a">online resource</subfield><subfield code="b">cr</subfield></datafield><datafield tag="490" ind1="1" ind2=" "><subfield code="a">Literary and ccientific cultures of early modernity</subfield></datafield><datafield tag="500" ind1=" " ind2=" "><subfield code="a">Description based upon print version of record.</subfield></datafield><datafield tag="505" ind1="0" ind2=" "><subfield code="a">Cover; Contents; Acknowledgments; Introduction; 1 The Political Garden: Horticultural Courtship; 3 The Corporeal Garden: Masquerading in Paradise; 4 The Colonial Garden: Collecting Paradise; 5 The Revolutionary Garden: Milton and Early Modern Environmental Thinking; Bibliography; Index</subfield></datafield><datafield tag="520" ind1=" " ind2=" "><subfield code="a">Spanning the period from Elizabeth I's reign to Charles II's restoration, this study argues the garden is a primary site evincing a progressive narrative of change, a narrative that looks to the Edenic as obtainable ideal in court politics, economic prosperity and national identity in early modern England. The book offers an original take on gardens by including medical and colonial discourse and by considering the perspective of ecocriticism.</subfield></datafield><datafield tag="546" ind1=" " ind2=" "><subfield code="a">English</subfield></datafield><datafield tag="588" ind1=" " ind2=" "><subfield code="a">Description based on publisher supplied metadata and other sources.</subfield></datafield><datafield tag="504" ind1=" " ind2=" "><subfield code="a">Includes bibliographical references and index.</subfield></datafield><datafield tag="650" ind1=" " ind2="0"><subfield code="a">English literature</subfield><subfield code="y">Early modern, 1500-1700</subfield><subfield code="x">History and criticism.</subfield></datafield><datafield tag="650" ind1=" " ind2="0"><subfield code="a">Gardens, English, in literature.</subfield></datafield><datafield tag="650" ind1=" " ind2="0"><subfield code="a">National characteristics, British, in literature.</subfield></datafield><datafield tag="650" ind1=" " ind2="0"><subfield code="a">Renaissance</subfield><subfield code="z">Great Britain.</subfield></datafield><datafield tag="776" ind1=" " ind2=" "><subfield code="z">1-4094-3674-8</subfield></datafield><datafield tag="830" ind1=" " ind2="0"><subfield code="a">Literary and scientific cultures of early modernity.</subfield></datafield><datafield tag="906" ind1=" " ind2=" "><subfield code="a">BOOK</subfield></datafield><datafield tag="950" ind1=" " ind2=" "><subfield code="c">2024-08-02 05:35:42 US/Eastern</subfield><subfield code="b">2012-05-28 02:48:56 US/Eastern</subfield><subfield code="a">false</subfield></datafield><datafield tag="951" ind1=" " ind2=" "><subfield code="v">2024-02-04 12:43:11 US/Eastern</subfield><subfield code="g">Ebook Central</subfield><subfield code="u">System</subfield><subfield code="t">2024-02-04 12:42:50 US/Eastern</subfield><subfield code="x">https://na05.alma.exlibrisgroup.com/view/uresolver/01PRI_INST/openurl?u.ignore_date_coverage=true&amp;portfolio_pid=531007016580006421&amp;Force_direct=true</subfield><subfield code="s">System</subfield><subfield code="0">531007016580006421</subfield><subfield code="w">2024-02-04 17:42:50</subfield><subfield code="f">false</subfield><subfield code="m">61889859990006421</subfield><subfield code="n">Ebook Central Perpetual, DDA and Subscription Titles</subfield><subfield code="b">param</subfield><subfield code="1">62889859980006421</subfield><subfield code="c">d?u.ignore_date_coverage=true&amp;rft.mms_id=99129230916806421</subfield><subfield code="a">Available</subfield><subfield code="l">614330000000000002</subfield><subfield code="e">BOOK</subfield><subfield code="8">531007016580006421</subfield></datafield></record></collection>